4648 6066
949 397 1203 472 ..XI-

197 609 330 674 altarum
352 607 463 675 Niciae
489 611 606 676 Milesii
630 613 697 694 (qui
720 613 851 674 omnino
873 611 949 675 dum
970 631 1044 676 cum
1058 609 1222 676 Theocrito
1244 610 1328 694 apud
1345 610 1426 674 Coos
1445 612 1585 673 moratur
1599 605 1730 672 medicis
1747 607 1849 690 magis
1865 625 1961 688 quam

197 730 329 814 poeticis
360 731 473 794 studiis
497 751 623 814 operam
652 731 780 796 videtur
798 731 935 812 dedisse)
957 735 994 794 A.
1020 731 1109 796 Plan.
1135 735 1195 795 188
1223 721 1376 816 άμάρακον
1395 720 1445 798 ἠδ’
1465 719 1615 804 ὑάκινθον,
1648 729 1775 790 tertium
1804 724 1960 788 Leonidae

196 845 360 914 Tarentini
390 851 428 912 A.
458 847 492 912 P.
519 849 563 911 Vl
591 851 649 913 211
687 855 899 938 quartumque
931 849 1078 916 Phalaeci
1101 855 1139 916 A.
1167 849 1201 914 Ρ.
1225 850 1270 913 Vl
1296 849 1366 931 165,
1396 849 1472 912 hacc
1503 848 1566 912 due
1595 850 1677 912 iuter
1709 865 1744 910 se
1778 845 1957 922 simillima;

197 973 369 1052 utmmque
385 969 472 1032 enim
487 987 613 1034 carmen
640 972 672 1033 in
689 970 779 1034 docto
796 971 930 1053 quodam
955 974 1026 1034 eius
1047 973 1175 1055 generis
1191 973 1379 1053 argumento
1399 971 1552 1046 versatur,
1571 967 1653 1050 quod
1678 966 1716 1031 ab
1736 970 1804 1050 ipse
1819 965 1959 1030 Leonida

199 1097 234 1152 ut
255 1089 380 1153 videtur
402 1089 564 1153 eonditum
587 1095 618 1152 ct
639 1089 678 1154 ab
700 1091 753 1154 illo
776 1093 976 1174 potissimum
993 1092 1156 1156 excultum
1181 1111 1219 1155 eo
1244 1093 1364 1172 spectat
1386 1093 1420 1151 ut
1441 1087 1540 1151 multa
1561 1089 1711 1171 variaque
1732 1106 1839 1151 rorum
1861 1087 1957 1148 vesti-

198 1214 376 1274 mentorum
402 1211 683 1276 instrumentorum
711 1215 842 1276 nomina
871 1231 972 1295 saque
994 1233 1064 1277 rara
1085 1217 1116 1276 et
1139 1212 1282 1294 quaesita
1309 1213 1552 1281 coacervantur;
1586 1209 1680 1272 huius
1704 1209 1810 1270 alitem
1830 1205 1877 1267 rei
1899 1204 1956 1267 dil·

151 1363 157 1370 ·
197 1327 328 1394 fioultati
360 1329 451 1392 facile
483 1329 726 1394 condonandum
756 1337 804 1394 est
827 1333 854 1396 si
877 1334 949 1416 quis
978 1333 1166 1395 minutiores
1189 1333 1338 1398 orationis
1361 1335 1535 1417 elegantias
1556 1331 1663 1393 minus
1685 1325 1851 1390 curaverit.
1895 1323 1955 1386 His

197 1447 355 1532 exemplis
388 1467 490 1512 unum
520 1448 640 1512 accedit
671 1449 846 1516 Philodami
883 1453 934 1516 vel
968 1455 1115 1536 quisquis
1152 1454 1211 1516 fuit
1248 1453 1389 1535 Cydillae
1432 1456 1559 1517 amator.
1625 1446 1800 1511 Audaciam
1827 1444 1953 1507 Amoris

198 1567 336 1632 similem
366 1568 532 1652 descripsit
558 1566 748 1655 Posidippus
769 1574 807 1635 A.
830 1571 864 1635 P.
889 1572 919 1634 V
941 1574 1002 1662 213
1029 1571 1091 1635 εἰπὲ
1115 1564 1150 1634 δὲ
1177 1581 1305 1658 σημεῖον,
1332 1563 1454 1660 μεθύων
1480 1569 1529 1634 ὅτι
1554 1567 1604 1628 καὶ
1632 1557 1682 1628 διά
1705 1568 1836 1626 κλωπῶν
1857 1555 1955 1633 ἦλθον

191 1680 309 1771 Ἔρωτι
331 1693 439 1776 θρασεῖ
457 1679 609 1774 χριόμενος
629 1681 761 1774 ἡγεμόνι,

362 1807 409 1870 Vl
451 1808 548 1872 Anth.
575 1806 641 1872 Pal.
664 1807 694 1869 V
720 1810 780 1871 124
801 1814 856 1871 τοῦ
880 1809 972 1874 αὐτοῦ
999 1814 1018 1874 i.
1042 1829 1070 1880 e,
1091 1810 1276 1878 Philodemi.
1322 1812 1408 1877 Licet
1426 1816 1533 1876 tamon
1551 1807 1710 1884 dubitam3
1743 1805 1892 1868 carminis
1912 1804 1960 1865 in-

200 1923 289 1989 doles
311 1926 471 2012 antiquior
491 1927 570 1991 mihi
593 1927 820 1992 videturesse.

677 2075 771 2144 Οὔπω
794 2105 839 2144 σοι
861 2073 1001 2144 καλόκων
1022 2081 1132 2169 γυμνὸν
1155 2085 1251 2171 ίλέρος,
1275 2079 1344 2148 οὐδὲ
1368 2087 1498 2173 μελαίνει

710 2196 714 2208 ’
749 2193 852 2286 βότρυς
872 2199 888 2263 ὁ
908 2203 1083 2288 παρθενίους
1104 2209 1308 2292 πρωτοβολῶν
1328 2197 1461 2291 χάριτας,

677 2319 746 2384 ἀλλ’
767 2313 826 2391 ἤδη
851 2303 913 2382 lieni
934 2312 1011 2394 τόξα
1027 2321 1086 2385 νέοι
1108 2315 1253 2409 λήγουσιν
1268 2319 1413 2412 Ἔρωτες,

748 2433 898 2518 λυσιλίκη,
920 2443 970 2503 καὶ
991 2447 1046 2528 πῦρ
1066 2433 1195 2527 τύφεται
1217 2437 1380 2531 έγκρόριον.

602 2567 620 2624 τ’)
665 2551 831 2645 φεύγωμεν,
854 2551 1027 2646 δυσέρωτες,
1052 2560 1108 2636 ἕως
1130 2563 1217 2642 βέλος
1239 2563 1294 2626 οὐκ
1317 2566 1364 2627 ἐπὶ
1385 2571 1481 2650 νευρῇ·

748 2669 850 2763 μάντις
873 2675 935 2764 ἐγὼ
955 2671 1088 2764 μεγάλης
1110 2680 1218 2745 αὐτίκα
1240 2679 1392 2772 πυρκαιῆς.

204 2839 244 2900 V.
269 2841 282 2902 1
304 2839 397 2923 plane
420 2840 566 2904 similiter
591 2837 647 2920 qui
669 2836 793 2899 locutus
808 2830 857 2899 'sit
879 2840 944 2900 scio
966 2841 1145 2918 nemiuem3
1168 2839 1388 2906 Philodamum
1410 2841 1567 2928 expressit
1589 2839 1715 2904 Nicetes
1736 2839 1858 2924 liugan.
1884 2838 1898 2900 l
1921 2837 1961 2901 88

202 2957 277 3023 ὅταν
301 2956 358 3048 γάρ
385 2959 462 3030 αὕτη
493 2961 526 3039 (ἰ.
555 2979 582 3021 e.
607 2957 683 3037 sol),
715 2957 764 3018 καὶ
795 2961 897 3032 καλῶς
929 2957 1026 3032 οὕτως
1047 2963 1118 3044 ἔχει,
1147 2959 1237 3046 μέσον
1259 2953 1398 3024 καλόκων
1421 2965 1591 3048 ρλεκτικῶς
1611 2951 1781 3044 ἐπεισβάλῃ,
1808 2965 1966 3048 γυμνοῦοιν

204 3070 294 3142 αὗται
327 3075 383 3151 τὴν
407 3071 567 3168 ρὀδόπνοον
592 3068 685 3164 χάριν.
731 3077 845 3162 Neque
868 3081 915 3142 eis
939 3099 1020 3164 (puae
1043 3085 1194 3145 secuntur
1216 3083 1333 3146 similia
1355 3103 1535 3168 comparare
1559 3101 1700 3164 possum,
1730 3081 1786 3144 scd
1809 3084 1913 3165 imago
1937 3085 1967 3144 ot

206 3203 316 3286 pulcra
344 3208 375 3266 et
403 3202 572 3286 perspicua
592 3198 714 3261 arealem
743 3219 798 3256 νου
822 3201 963 3264 arotmnit
986 3202 1087 3282 (volut
1108 3202 1235 3286 saepius
1257 3195 1360 3289 ὅμραξ
1387 3204 1501 3268 dicitur
1521 3223 1601 3286 puer
1626 3204 1675 3266 vel
1697 3202 1803 3286 puella
1825 3202 1967 3265 nondrmr

206 3321 312 3386 adulta
333 3328 364 3385 et
386 3318 513 3408 άσταρίς
534 3339 615 3404 quae
637 3321 836 3383 inventutem
858 3339 987 3404 egressa
1008 3327 1056 3386 est
1078 3325 1180 3407 virgo)
1205 3324 1376 3412 imprimis
1397 3335 1550 3408 ιονκρνιοοι
1572 3321 1666 3385 initiis
1682 3323 1860 3384 νιοιυινόυιίν
1875 3322 1967 3384 ridere

205 3447 294 3522 (nam
324 3446 359 3504 ut
388 3442 468 3506 solet
496 3441 558 3503 dici
588 3436 708 3514 άκτῖνας
730 3430 858 3520 βάλλειν,
882 3441 927 3502 sic
950 3441 1008 3503 hoe
1030 3441 1097 3504 loco
1121 3437 1175 3516 τάς
1197 3436 1317 3530 πρώτας
1337 3435 1461 3531 χάριτας
1483 3434 1615 3527 βάλλειν)
1648 3479 1689 3489 -
1723 3445 1742 3504 3
1765 3463 1812 3525 sq.
1837 3443 1965 3504 Amoris

205 3562 269 3626 tela
291 3563 405 3649 ἔμπυρα
435 3551 511 3636 τόξα
534 3567 626 3624 vocat
647 3559 804 3645 Meleager
827 3564 866 3624 A.
887 3558 922 3622 P.
947 3557 1010 3622 Xll
1034 3562 1085 3644 48,
1109 3581 1168 3626 neo
1190 3565 1293 3628 selum
1319 3556 1395 3638 τόξα
1424 3565 1480 3628 sod
1502 3565 1596 3628 etiam
1619 3553 1726 3648 πυρσόν
1748 3562 1827 3626 deus
1851 3561 1967 3626 dieitur

206 3685 322 3747 iactare
355 3721 395 3730 -
429 3685 584 3746 dvorsus
607 3681 774 3746 exordium
799 3681 830 3742 in
856 3685 993 3746 mentem
1023 3687 1149 3746 revocat
1171 3685 1396 3768 pulcerrimum
1417 3685 1615 3770 Asclepiadis
1638 3687 1832 3768 epigramma
1855 3683 1906 3764 (A.
1929 3681 1963 3744 P.

206 3799 272 3866 Xll
296 3805 359 3886 50),
381 3807 473 3868 cuius
499 3807 645 3886 quartum
668 3800 824 3864 distichon
848 3803 995 3884 quamuis
1017 3804 1126 3868 multis
1150 3807 1340 3869 coniecturis
1360 3811 1546 3889 temptatum
1568 3806 1711 3868 nondum
1735 3825 1826 3868 suam
1841 3805 1967 3868 invonit

206 3923 358 4004 salutem3
381 3923 492 3988 tradita
516 3921 590 3984 inde
612 3942 631 3983 a
653 3939 747 3984 versu
770 3922 880 4004 quinto
904 3923 981 3986 haer
1005 3931 1098 3988 sunt:

488 4137 491 4143 ,
564 4080 584 4139 ι’)
626 4076 754 4160 πίνοιμεν
778 4069 900 4162 Βάκχου
922 4071 1015 4166 ζωρόν
1036 4072 1129 4164 πόμα·
1153 4075 1303 4157 δάκτυλος
1325 4077 1396 4157 ide

690 4194 708 4268 ἦ
732 4190 804 4259 πάλι
826 4195 982 4284 κοιμιοτὰν
1003 4191 1112 4286 λύχνον
1135 4193 1203 4264 ἰδεῖν
1221 4201 1362 4288 μένομεν;

625 4323 745 4405 πίνομεν
767 4317 801 4382 οὐ
822 4314 877 4406 γάρ
901 4325 986 4406 ἔρως·
1011 4313 1089 4406 μετά
1110 4345 1159 4383 τοι
1181 4313 1285 4408 γρόνον
1307 4321 1406 4386 οὐκέτι
1428 4317 1547 4402 πουλόν,

692 4437 822 4524 σχέτλιε,
848 4435 902 4509 τόν
923 4437 1038 4528 μακρὰν
1057 4433 1138 4504 νύκτ’
1164 4435 1410 4529 άναποιυοόμεθα.
1484 4513 1486 4518 ,

203 4596 453 4662 Concedeudum
478 4601 657 4662 necessario
679 4597 775 4660 etiam
797 4617 827 4657 v.
853 4599 868 4658 l
892 4597 1020 4682 πίνωμεν
1041 4599 1207 4682 scripsisse
1229 4603 1362 4684 poetam,
1391 4603 1536 4666 iteratum
1559 4601 1617 4664 hoc
1636 4621 1691 4683 por·
1714 4598 1907 4683 anaphoram
1928 4621 1970 4664 ex

203 4737 236 4780 v.
260 4719 290 4799 5,
314 4737 376 4802 qna
413 4737 446 4780 ro
472 4717 670 4782 coniectandi
705 4718 832 4782 lieentia
860 4719 1027 4782 artissimis
1062 4724 1222 4784 coercetur
1253 4718 1386 4784 linibus:
1425 4720 1650 4805 corrigendum
1678 4720 1805 4785 videtur
1831 4721 1968 4806 πίνωμεν,

203 4831 344 4923 δυτέρως,
371 4839 479 4920 itaquo
507 4845 540 4900 nt
567 4839 744 4902 sententiae
770 4838 893 4902 indoles
914 4839 983 4921 (ἕως
1004 4841 1049 4900 ἐτι
1077 4839 1164 4902 πίνειν
1189 4829 1289 4926 καιρός
1311 4843 1410 4922 ἐστιν),
1438 4843 1481 4906 ita
1503 4843 1571 4926 ipsa
1590 4839 1686 4905 verba
1707 4840 1884 4908 Philodami
1905 4863 1970 4906 cor-

203 4960 287 5024 mini
309 4959 482 5042 adaequata
504 4965 604 5024 erunt.
651 4960 721 5037 Qua
742 4981 776 5024 rc
800 4958 926 5044 probata
949 4961 1043 5026 etiam
1062 4959 1101 5024 dc
1123 4961 1214 5024 tortio
1236 4961 1436 5046 Asclepiadis
1458 4982 1554 5026 versu
1568 4963 1685 5026 certius
1698 4961 1831 5027 indicari
1847 4965 1969 5048 poterit,

204 5077 264 5143 ubi
286 5079 368 5162 quod
391 5078 539 5142 traditum
561 5080 675 5164 legitur
696 5072 760 5142 οὐδ’
782 5079 828 5140 ἐπὶ
851 5081 896 5142 τοί
916 5071 1013 5162 μούνῳ
1035 5074 1233 5150 annullandae
1256 5072 1332 5156 τόξα
1354 5085 1403 5146 καὶ
1425 5077 1483 5156 ἰοὺς
1504 5076 1605 5169 πικρὸς
1622 5076 1722 5169 Ἔρως
1738 5089 1822 5146 recto
1838 5081 1967 5148 Boisso-

206 5197 322 5262 nadius
351 5188 547 5271 κατεθήξατο
576 5201 764 5265 emendasse
793 5199 952 5265 videbitur
974 5202 1084 5266 oollato
1107 5201 1282 5269 Philodami
1315 5224 1408 5268 vorsu
1429 5204 1530 5266 tertio.
1571 5204 1702 5268 Accedit
1723 5204 1862 5287 donique
1883 5204 1967 5286 quod

205 5319 303 5385 etiam
336 5317 502 5400 Lysidieae
532 5337 648 5384 nemen
677 5341 718 5384 ex
744 5321 945 5404 Asclepiadis
974 5323 1197 5407 epigrammate
1220 5327 1258 5388 A.
1280 5322 1315 5386 P.
1335 5323 1364 5386 V
1387 5325 1448 5388 203
1476 5325 1631 5389 adscitum
1655 5329 1710 5388 est.
1743 5361 1783 5372 -
1811 5326 1829 5386 ti
1853 5327 1968 5399 πολλίς
