4648 6066
1100 300 1378 380 ..χχ-

351 516 509 600 particula
527 517 668 600 deniquo
690 511 756 604 ἄρα,
791 536 887 600 quam
910 516 1075 581 Iacobsius
1099 517 1342 596 desideraverat,
1375 515 1536 580 laudarem
1560 519 1586 580 si
1610 519 1775 600 legeretur,
1815 519 1849 578 ut
1870 520 1973 580 tamen
1997 523 2118 583 mutem

355 635 467 698 tradite
488 635 587 700 verba
609 656 672 700 uon
696 638 849 717 adducor3
873 637 952 702 falso
975 643 1060 702 certe
1077 636 1242 704 lacobsius
1264 629 1375 698 τοῦνεκ’
1404 635 1434 696 ἐν
1449 627 1610 722 ἀπρήκτοις
1626 631 1683 723 ἄρα
1698 634 1833 719 κείμεθα.
1859 638 1947 712 Quae
1962 641 2122 719 praetereo

354 755 386 816 in
415 754 474 817 hoc
502 755 635 819 disticho
662 757 827 840 periclitati
856 763 931 820 suut
956 759 1018 819 viri
1046 757 1127 820 docti
1155 757 1320 839 participio
1346 758 1508 829 λαλεῦντες
1534 757 1674 819 maximo
1702 756 1814 820 offensi
1841 761 2013 840 praetorem
2047 775 2118 820 nam

354 873 449 955 plane
478 879 510 938 et
533 876 659 956 integra
685 877 834 940 ridentur
856 877 972 939 omnia.
1017 874 1078 938 Per
1105 877 1205 938 uoetis
1229 873 1454 938 obscuritatem
1478 895 1596 959 perque
1623 877 1817 959 tempestatis
1845 877 2009 939 saevitiam
2031 877 2120 939 veuit

354 994 468 1058 mulier
493 995 531 1058 ad
558 999 698 1078 poetam
730 996 817 1058 illius
846 1001 953 1058 tamen
981 997 1109 1058 animus
1132 995 1232 1058 tristis
1258 997 1336 1058 forte
1359 1001 1390 1059 ot
1412 997 1497 1060 curis
1520 995 1687 1058 distractus
1710 1013 1770 1058 uec
1792 993 1831 1058 ad
1853 993 2120 1060 confabulandum

356 1133 414 1178 nce
436 1115 475 1179 ad
496 1116 694 1198 voluptatem
716 1114 887 1193 ferebatur3
916 1115 1022 1196 itaque
1051 1115 1166 1178 mulier
1187 1114 1296 1198 quidni
1309 1114 1466 1199 ‘fabulare
1489 1117 1604 1198 iuquit,
1627 1113 1733 1197 petrini
1746 1113 1834 1174 cubos
1850 1133 1970 1190 raecum,
1992 1125 2025 1175 ut
2040 1115 2121 1178 (tecet

354 1246 487 1298 amasses
511 1234 628 1298 cubare.
672 1234 805 1298 Minime
833 1235 931 1318 igitur
956 1237 1059 1296 λαλεῖν
1085 1233 1219 1298 verbum
1249 1239 1369 1320 spectat
1395 1235 1434 1298 ed
1456 1233 1591 1298 blandas
1615 1253 1709 1297 voces
1732 1231 1934 1315 iucundaque
1957 1254 2119 1298 murmura

355 1373 503 1438 quaeque
526 1373 590 1418 uon
613 1360 740 1418 cessant
761 1376 821 1420 nce
842 1359 948 1420 tacent
970 1355 1084 1419 mediis
1107 1354 1251 1440 improba
1272 1353 1369 1418 verbu
1392 1355 1481 1434 iocis
1504 1361 1538 1417 ut
1559 1357 1603 1418 uit
1621 1352 1754 1416 Ovidius
1777 1357 1831 1418 art.
1853 1371 1913 1415 am.
1936 1352 1983 1416 III
2008 1354 2077 1418 795.

523 1471 633 1538 XVIII
676 1475 772 1539 Anlh.
796 1475 863 1540 Pal.
888 1473 913 1536 V
937 1475 998 1540 306
1020 1465 1207 1560 Φιλοδήμου.

800 1693 948 1788 Δακρύεις,
972 1695 1086 1763 ἐλεεινὰ
1106 1703 1217 1778 λαλεῖς,
1237 1700 1373 1785 περίεργα
1395 1706 1526 1782 θεοιρεῖς,

866 1811 1051 1898 ζηλοτυπεῖς,
1075 1817 1157 1902 ἅπτῃ
1180 1809 1320 1896 πολλάκι,
1343 1813 1440 1879 πυκνὰ
1462 1821 1568 1904 φιλεῖς·

799 1943 899 2000 ταῦτα
921 1935 975 2022 μέν
997 1937 1078 1999 ἐστιν
1100 1939 1239 2024 ἐρῶντος·
1263 1929 1384 2000 ὅτανδ’
1412 1940 1485 2000 εἴπεο
1509 1929 1708 2025 ‘conprincipes'

863 2060 886 2143 †
909 2058 959 2119 καί
981 2051 1016 2119 σὺ
1039 2055 1133 2142 μένεις
1148 2059 1180 2142 †,
1199 2051 1304 2132 ἁπλῶς
1325 2049 1411 2119 οὐδὲν
1433 2057 1559 2143 ἐρῶντος
1581 2061 1666 2144 ἔχεις.

359 2301 399 2363 V.
421 2303 442 2364 4
464 2301 582 2364 codicis
605 2301 759 2382 scripture
781 2303 935 2381 corrupta.
978 2296 1129 2360 Verbum
1146 2297 1241 2382 μένειν
1263 2298 1422 2382 significat
1443 2299 1503 2362 loco
1522 2323 1579 2362 νον
1603 2301 1713 2362 mouri
1726 2301 1813 2364 velut
1828 2299 1911 2384 apud
1925 2297 2126 2362 Theocritum

357 2421 510 2486 Hieronis
532 2441 563 2482 v.
587 2419 646 2482 106
670 2410 803 2490 ἄκλητος
821 2414 874 2501 μὲν
896 2419 993 2501 ἔγωγε
1017 2415 1132 2501 με’νοιμί
1153 2438 1205 2478 κεν
1226 2419 1276 2498 (cf.
1300 2416 1425 2480 Vahlen
1448 2418 1587 2484 Hermae
1610 2419 1640 2482 X
1664 2423 1744 2498 459;
1773 2421 1887 2483 vitium
1910 2420 2007 2482 traxit
2026 2415 2129 2480 Theo-

357 2542 465 2624 gnidis
488 2558 601 2604 versus
625 2537 714 2618 351)3
737 2536 899 2600 difficilius
921 2538 980 2600 erit
1002 2538 1045 2600 ita
1062 2539 1262 2619 interpretari
1285 2542 1318 2602 ut
1340 2538 1414 2601 fecit
1429 2537 1592 2604 Iacobsius
1614 2551 1646 2600 tu
1668 2551 1766 2602 autem
1788 2539 1865 2601 beers
1887 2539 1971 2602 ιὀεεε.
2016 2538 2077 2602 Sed
2093 2543 2128 2600 ut

362 2663 409 2724 sic
435 2679 547 2744 graece
574 2659 635 2722 diei
662 2659 764 2741 possit
791 2655 960 2738 (dubitavit
984 2660 1094 2740 postea
1118 2657 1187 2737 ipse
1210 2655 1375 2720 Iacobsius
1398 2664 1430 2721 et
1451 2661 1587 2723 coniecit
1613 2655 1720 2722 καὶσὺ
1744 2659 1839 2744 μένεις
1866 2652 1991 2738 ἄλλως),
2022 2665 2125 2722 tamen

361 2781 519 2844 sententia
542 2783 613 2863 apta
641 2797 704 2841 non
733 2781 796 2839 est:
827 2795 890 2840 non
923 2777 1010 2838 cuim
1034 2775 1132 2836 tristis
1152 2793 1187 2836 ac
1210 2778 1329 2840 morosi
1352 2776 1490 2840 hominis
1513 2781 1568 2862 qui
1591 2779 1630 2841 ab
1653 2781 1769 2844 amoris
1791 2779 1918 2863 gaudiis
1941 2778 2065 2842 alicnus
2088 2779 2129 2840 sit

362 2901 466 2983 imago
489 2898 678 2962 informatur
698 2917 746 2958 vv.
774 2899 799 2958 1.
824 2898 854 2976 2,
877 2896 932 2958 sed
955 2896 1060 2978 potius
1084 2893 1244 2958 libidinosi
1267 2901 1298 2958 et
1320 2899 1447 2960 excitati
1470 2898 1608 2962 Veneris
1631 2899 1784 2976 stimulis3
1808 2917 1872 2960 uon
1895 2897 2004 2961 tardus
2022 2897 2075 2960 ille
2098 2901 2130 2959 et

361 3019 470 3102 segnis
493 3020 584 3098 iacet,
613 3015 666 3080 sed
695 3018 728 3078 iu
753 3014 897 3079 lacrimas
925 3017 958 3077 in
985 3033 1096 3097 praees
1119 3016 1153 3078 iu
1177 3016 1286 3080 oscula
1308 3017 1429 3080 effusus
1453 3018 1589 3100 agitetur
1616 3019 1737 3100 spectat
1757 3020 1865 3101 tangit.
1911 3015 2031 3080 Laudat
2052 3017 2129 3080 haec

359 3138 475 3224 puella,
503 3138 579 3222 quid
607 3139 734 3202 taudem
761 3137 931 3222 gravatur?
960 3135 1139 3199 lleiuolrius
1166 3140 1198 3199 et
1223 3134 1369 3199 Piecolus
1397 3137 1456 3200 hoc
1484 3137 1565 3200 dicto
1594 3157 1675 3220 opus
1699 3157 1762 3200 nou
1787 3155 1858 3200 esse
1885 3136 2024 3200 arbitrati
2052 3137 2129 3199 ulter

359 3256 433 3320 ὅταν
461 3249 488 3319 δ’
513 3261 586 3320 εἴπω
610 3249 799 3341 ιποιροίκειμαι
825 3257 875 3317 καὶ
898 3247 933 3316 σύ
952 3253 978 3339 μ’
1006 3256 1093 3341 ἔχεις
1116 3257 1261 3338 coniecit,
1287 3254 1433 3320 Piecolus
1460 3257 1543 3319 haud
1571 3257 1677 3340 paullo
1703 3257 1880 3340 elegantius
1908 3251 1982 3318 ὅταν
2004 3247 2030 3315 d’
2056 3257 2128 3316 εἴπω

361 3367 572 3463 ιπιιριίκειμιιι’,
600 3370 712 3438 arioch
735 3380 828 3460 μανῇς
852 3375 1023 3458 proposuit.
1068 3374 1130 3438 Sed
1159 3378 1374 3440 necessarium
1406 3381 1481 3460 puto
1504 3377 1566 3440 dici
1594 3377 1669 3460 quid
1691 3377 1743 3439 illo
1766 3382 1821 3438 aut
1841 3375 1952 3438 fecerit
1981 3379 2036 3438 aut
2066 3393 2129 3436 uon

359 3495 477 3578 fecerit,
501 3497 585 3580 quod
607 3496 716 3578 puella
732 3500 896 3578 gravatum
920 3499 951 3558 et
973 3495 1101 3580 quidem
1123 3495 1185 3558 tolo
1208 3495 1285 3579 quid
1307 3497 1355 3560 illi
1377 3496 1525 3560 acciderit
1546 3500 1667 3579 oportet
1689 3497 1782 3580 quale
1805 3497 1926 3560 homini
1949 3495 2037 3558 inani
2059 3492 2132 3558 libi-

360 3617 436 3681 dine
463 3618 600 3681 excitato
628 3615 770 3678 accidere
797 3619 909 3700 potest.
957 3614 1100 3698 Longius
1129 3615 1187 3678 hoc
1214 3619 1363 3699 persequi
1391 3617 1509 3694 taedet3
1538 3635 1711 3699 proponam
1739 3614 1836 3680 verbu
1863 3617 1928 3678 leni
1956 3616 2130 3680 mutatione

361 3740 499 3800 correcta
525 3733 600 3798 ὅταν
637 3727 663 3794 δ’
694 3738 767 3796 εἴπω
791 3725 991 3820 ‘eupompus’
1031 3731 1231 3820 κάσθμαίνςς;
1266 3738 1416 3820 scriptum
1449 3737 1507 3799 hoe
1539 3737 1598 3798 fuit
1629 3733 1916 3816 KththENHO,
1937 3736 1974 3799 cf.
2007 3738 2131 3816 Auytes

362 3857 461 3940 epigr.
483 3857 522 3919 A.
543 3854 578 3919 P.
603 3853 650 3918 IX
674 3855 736 3918 313
759 3851 967 3940 ἀσθμαίνοντα
988 3844 1088 3927 πόνοις
1110 3854 1182 3938 pica
1204 3863 1280 3939 pua

528 3971 608 4037 XIX
651 3974 747 4036 Anlh.
772 3971 835 4040 Pal.
857 3973 888 4034 V
912 3973 971 4035 112
991 3965 1178 4058 hrhobipro.

829 4184 1002 4279 'llpa‘zchuw
1026 4195 1070 4268 τίς
1092 4187 1120 4255 d'
1148 4193 1230 4280 οὐχί;
1250 4187 1433 4281 κεκοίμακα·
1456 4197 1500 4268 τίς
1522 4189 1550 4256 δ’
1577 4188 1711 4279 ἀμύητος

915 4305 1045 4398 κείμενος
1068 4312 1133 4377 ἀλλ’
1162 4307 1288 4400 ἐμαίνεν·
1314 4317 1348 4376 ἐκ
1370 4315 1465 4390 τίνος,
1486 4313 1552 4400 οὐχὶ
1576 4320 1666 4382 hauh:

832 4435 980 4522 ἐρρίφίλοι·
1004 4431 1093 4505 sobri.
1114 4434 1171 4522 γαρ
1195 4437 1345 4521 ἐπείγεται
1365 4433 1430 4496 ἀντὶ
1451 4436 1589 4520 μελαίνης

916 4546 983 4640 θρὶξ
1004 4545 1073 4632 ἤδη,
1097 4559 1219 4627 οννετῆς
1244 4547 1373 4638 οἱῃέλος
1394 4547 1516 4624 ἡλικίης,

771 4675 789 4735 5
834 4675 884 4734 καί
905 4665 1018 4748 παίζειν
1041 4671 1093 4736 ὅτε
1115 4668 1215 4760 καιρὸς
1237 4665 1408 4758 ἐπαίξαμεν,
1431 4668 1516 4742 Ιἡνίκα
1533 4677 1583 4737 καὶ
1606 4679 1654 4734 νῦν

915 4789 1025 4870 οὐκέτι,
1048 4792 1192 4878 λωιτέρης
1214 4784 1369 4878 φροντίδος
1392 4782 1548 4876 ἁψὸμείλα.

361 5055 555 5118 Contrariam
578 5072 686 5116 cruam
708 5051 805 5132 agitat
823 5051 982 5136 Meleager
1004 5050 1264 5130 A.P.X11117,
1287 5057 1322 5114 ut
1343 5055 1449 5113 tamon
1466 5049 1670 5116 Philodemus
1686 5053 1725 5116 ab
1747 5055 1801 5118 illo
1823 5059 1975 5122 orationis
1997 5059 2135 5124 colorem

361 5175 523 5238 mutuatus
545 5189 617 5236 esse
639 5169 741 5233 videri
759 5170 874 5254 possit:
1197 5153 1202 5170 ’

2259 129 2262 230 l

2260 236 2265 380 ι

2261 393 2268 554 ί
