4648 6066
190 603 220 664 V
245 606 260 668 l
285 595 409 679 δικαίοις
430 603 608 688 Phaeder,
643 609 728 692 quod
756 629 830 674 eum
860 629 916 692 per
945 629 979 674 se
1003 607 1211 692 vituperabile
1243 627 1305 672 nou
1335 607 1376 672 sit
1398 605 1449 685 (ot.
1474 606 1572 688 epigr.
1595 623 1697 686 graec.
1722 604 1795 685 807,
1818 605 1871 686 7),
1901 604 1960 668 hoe

186 729 295 790 tamen
318 725 387 790 loeo
410 725 537 809 probari
559 747 622 792 uon
645 735 749 811 potest
781 767 820 778 -
840 732 859 792 3
882 730 1028 815 κροκαίων
1049 729 1152 794 codex
1171 729 1247 790 —5
1269 727 1431 790 animose
1454 743 1579 808 semper
1600 723 1722 808 placido
1744 705 1845 788 luisse
1866 743 1958 808 prae·

188 843 272 908 dieat
293 863 398 928 neque
422 864 564 928 uuquam
588 848 808 933 vaniloquum,
830 869 957 934 semper
980 849 1118 915 Veneris
1140 847 1239 912 sacris
1262 865 1297 908 se
1319 853 1483 928 operatum
1507 863 1596 919 essm
1619 843 1693 908 binc
1717 863 1757 906 ne
1781 862 1868 908 ουυο
1888 844 1958 926 qui·

188 963 261 1027 dem
284 962 363 1027 deae
385 963 506 1026 auxili0
528 963 806 1049 indigenarum,
838 987 879 1034 ne
901 989 988 1034 uuno
1012 967 1143 1052 quidem
1165 985 1248 1032 vana
1275 984 1310 1028 so
1331 964 1451 1047 precari
1474 962 1615 1029 crederet
1636 963 1698 1028 illa.
1744 961 1827 1026 liele
1847 964 1960 1045 opinor

70 1123 75 1127 -
187 1079 370 1147 Brunelriue
398 1087 497 1170 κοῦροι
523 1085 674 1146 λαλοῦντα
708 1087 844 1151 ουοίοοίί
866 1125 904 1133 -
939 1089 955 1151 l
985 1079 1135 1174 φιλόρχιος
1158 1088 1186 1150 ei
1211 1093 1260 1149 est
1284 1083 1391 1148 Venus
1413 1086 1482 1166 ipsa
1501 1081 1622 1146 curabit
1651 1089 1685 1146 ut
1706 1086 1833 1165 portum
1856 1084 1958 1166 capiat

186 1205 297 1284 poete3
331 1220 405 1266 nam
438 1205 563 1286 peracta
583 1203 713 1268 demum
734 1202 867 1268 feliciter
889 1205 1092 1290 navigatione
1114 1199 1154 1266 τὰ
1176 1209 1230 1278 τῆς
1249 1198 1423 1291 Ἀφροδίτης
1443 1198 1528 1290 ὄργια
1550 1201 1702 1266 celebrari
1726 1207 1860 1285 possunt
1884 1203 1958 1264 —8

186 1311 345 1394 ναικακοός
366 1323 459 1404 (teste
472 1321 640 1403 Salmasio)
661 1323 713 1386 rel
731 1315 889 1397 ναιηακοός
910 1329 1003 1407 (teste
1018 1321 1208 1408 Paulssono)
1224 1322 1342 1402 codex3
1362 1311 1555 1406 Ῥωραικοός
1576 1318 1709 1384 Planud.
1742 1316 1819 1381 Post
1840 1318 1957 1381 multos

186 1459 309 1506 errores
331 1440 443 1524 pulcre
463 1442 601 1506 correxit
622 1438 733 1507 laoobs
755 1479 794 1488 --
817 1433 949 1513 δεσπότη
974 1443 1083 1508 codex.

354 1557 403 1624 IX
447 1560 544 1625 Antit-
567 1559 632 1627 Pul.
659 1561 689 1624 V
711 1565 732 1626 4
752 1554 938 1648 milladium.

608 1711 671 1779 Τὸν
692 1720 832 1803 σιγῶντα,
854 1717 980 1796 Φιλαινί,
1004 1719 1158 1806 συνίστορα
1178 1721 1242 1780 τῶν
1259 1707 1430 1796 οἰλαλητωνι

689 1826 799 1924 λύχνον
821 1837 958 1923 ίλαιηρῆς
980 1829 1178 1923 ίκμείλύσασα
1200 1828 1307 1923 δρόσου

610 1944 702 2027 ἔξιθι·
724 1955 883 2042 ραρτυρίην
905 1949 961 2044 γὰρ
979 1950 1081 2044 Ἔρως
1104 1946 1192 2042 μόνος
1217 1953 1272 2018 οὐκ
1295 1955 1434 2042 ἐφίλησεν

692 2079 833 2160 ἔμπνουν·
857 2078 907 2139 καὶ
929 2070 1048 2147 πηκτόν
1069 2079 1157 2156 κλαῖε,
1179 2075 1306 2154 Φιλαινί,
1328 2065 1431 2161 θύρην.

543 2199 562 2258 5
605 2197 655 2259 καὶ
674 2192 709 2260 nl
731 2197 818 2282 φίλει,
841 2188 961 2274 irretiri,
984 2214 1038 2282 gut·
1063 2189 1100 2258 mi
1121 2189 1165 2274 l',
1189 2187 1214 2258 ei
1237 2186 1427 2282 φιλεροὶστρια
1450 2195 1546 2270 κοίτη,

691 2309 750 2386 ἤδη
773 2321 829 2390 τῆς
851 2317 975 2402 ίίαρίης
994 2319 1059 2379 tnui
1082 2311 1122 2378 τὰ
1142 2307 1313 2400 λειπόμενα.

185 2469 222 2538 V.
247 2473 261 2535 l
284 2461 393 2556 λύχνον
415 2471 570 2556 συνίστορα
591 2472 675 2554 apud
693 2490 824 2556 graecos
842 2475 952 2555 poetas
975 2469 1121 2536 crebrum
1144 2471 1267 2536 mmani
1290 2470 1471 2552 complures
1510 2469 1621 2534 imitati
1655 2479 1750 2554 sunt,
1783 2475 1815 2535 iu
1840 2471 1958 2555 mribus

183 2587 371 2654 Philodemo
395 2589 579 2654 simillimus
601 2589 754 2654 Martialis
773 2579 1036 2674 apophoretorum
1058 2587 1197 2654 XXXIX
1216 2589 1309 2652 ιίνίοίν
1331 2592 1446 2654 cenula
1468 2591 1564 2654 lectuli
1585 2583 1721 2654 lenanu.-
1743 2591 1890 2676 quidquid
1913 2593 1953 2653 νίν

174 2708 282 2794 senine
310 2708 392 2784 utu,
425 2707 523 2772 uwcdo
555 2746 596 2756 —
628 2711 648 2772 4
670 2700 786 2778 πυκτίν
806 2711 929 2791 codex,
953 2729 1030 2774 corr.
1054 2706 1236 2772 Buruckius
1267 2747 1306 2756 -·
1336 2711 1354 2772 5
1377 2709 1447 2795 φίλη
1469 2718 1579 2792 (supra
1600 2711 1714 2792 scripto
1733 2711 1769 2790 ει)
1794 2699 1897 2782 {arud
1919 2731 1958 2794 με

183 2829 286 2894 codex
300 2867 338 2878 -
353 2819 529 2915 φιλεράστρί
555 2823 669 2918 ἄκοιτις
690 2829 809 2912 codex,
839 2849 917 2894 cerr.
940 2829 976 2893 G.
1001 2829 1176 2907 Schneider
1198 2835 1230 2892 ct
1249 2827 1387 2913 lennop.
1427 2829 1615 2893 Extremum
1637 2828 1793 2892 distichon
1817 2827 1958 2892 imitatus

183 2923 233 3014 cst
255 2949 390 3016 Ovidius
409 2955 464 3018 art.
484 2969 543 3015 um.
566 2947 597 3012 II
628 2949 688 3012 703
720 2949 850 3012 σοιιυοίυν
871 2971 932 3012 erce
953 2949 1026 3012 rlrrua
1059 2950 1171 3031 accepit
1199 2947 1286 3012 lectus
1304 2960 1454 3012 eruentes:
1484 2950 1528 3012 ud
1548 2948 1674 3012 tlurlumr'
1693 2947 1826 3024 ciuiuus,
1857 2946 1958 3021 Maru,

182 3071 282 3134 rainu
294 3069 392 3156 soree,
425 3073 458 3134 et
478 3055 640 3154 probabile
672 3077 721 3134 est
752 3071 846 3134 otiam
870 3071 1073 3134 notissimum
1104 3069 1210 3134 Ovidii
1241 3069 1433 3133 versiculum
1462 3081 1557 3132 edun
1583 3070 1649 3154 quia
1670 3070 1757 3133 rescit
1788 3089 1828 3132 ex
1852 3066 1959 3132 Philo-

182 3191 269 3256 demi
288 3191 464 3256 imitatione
487 3193 597 3255 natum
618 3207 699 3254 esse.
769 3197 771 3202 '

350 3309 383 3374 X
426 3310 522 3377 Antb.
543 3309 653 3416 l³al.V
677 3313 734 3376 131
758 3301 944 3396 Φιλοδήμου.

539 3460 690 3560 ’Ψαλμὸς
712 3468 762 3530 καὶ
783 3467 873 3537 λαλίη
895 3469 946 3530 καὶ
967 3467 1097 3529 κωτίλον
1118 3461 1202 3554 rippa
1221 3469 1271 3529 καί
1291 3457 1356 3548 ullu

646 3577 818 3661 Ξανθίππης
839 3590 964 3674 καὶπῦρ
988 3583 1054 3676 ἄρτι
1079 3577 1312 3676 καταρχόμενον,
1337 3669 1340 3678 ι

461 3722 464 3730 ’
566 3695 704 3792 ὦψυχη,
726 3697 829 3792 ρλέξει
850 3729 902 3769 σε·
925 3701 961 3769 τὸ
981 3699 1009 3768 δ’
1036 3708 1070 3768 ἐκ
1092 3709 1169 3781 τίνος
1191 3703 1210 3776 ἠ
1232 3698 1307 3771 τότε
1330 3710 1474 3786 καὶπῶς,

519 3835 521 3840 “
647 3824 701 3889 οὐκ
722 3819 805 3890 οἶδα·
828 3817 938 3912 γνοίση,
962 3819 1100 3914 δύσμορε,
1122 3827 1284 3914 σιρομὲνς.

187 3974 290 4040 Dori
312 3979 391 4052 artie,
417 3979 558 4044 musicae
590 3981 656 4064 ogit
671 3953 745 4064 ipae
765 3978 972 4046 Philodemus
999 3980 1040 4046 de
1062 3999 1143 4045 mue.
1165 3979 1246 4044 libro
1271 3989 1399 4066 quarte,
1435 3983 1489 4048 ubi
1522 3967 1671 4070 pugnans
1705 4007 1778 4054 cum
1811 3989 1957 4076 Diogene

186 4094 364 4178 Babylonio
384 4098 483 4164 stoico
505 4099 694 4184 philosopho
712 4107 882 4184 postquam
900 4080 938 4166 iu
963 4103 1150 4166 universum
1173 4101 1251 4166 haec
1274 4103 1383 4185 posuit
1402 4112 1444 4188 (p.
1458 4103 1498 4168 65
1518 4106 1567 4170 ed.
1590 4105 1725 4189 Kemke)
1749 4093 1835 4172 οὐδὲν
1856 4111 1956 4196 μέλος,

186 4211 267 4282 καθὸ
290 4216 392 4304 μίλος,
413 4210 526 4302 ἄλογον
544 4209 675 4306 ὑπάρχον
696 4213 794 4306 ψυχὴν
816 4214 877 4282 οὔτ’
897 4211 930 4295 ἐξ
952 4212 1093 4306 ἀκινήτου
1113 4223 1163 4283 καὶ
1184 4213 1393 4307 ιόσιχαζούσης
1412 4225 1515 4312 ίγείρει
1537 4227 1588 4288 καὶ
1611 4220 1677 4313 ἄγει
1699 4223 1769 4316 πρὸς
1794 4225 1850 4302 τὴν
1873 4226 1955 4296 κατὰ

187 4327 270 4422 φύσιν
292 4337 323 4398 tr
344 4331 415 4406 iiber
435 4329 589 4418 διάθεσιν,
623 4333 682 4401 οὔτ’
714 4331 748 4412 ἐξ
775 4331 925 4422 ᾀττούσης
954 4343 1004 4405 καὶ
1029 4340 1190 4428 ρερομίνης
1215 4337 1285 4428 πρὸς
1311 4341 1360 4406 ότι
1391 4337 1506 4416 δήποτε
1535 4338 1655 4433 πραύνει
1688 4335 1738 4413 καὶ
1767 4357 1807 4427 είς
1834 4350 1957 4440 ἠρεμίαν

112 4461 115 4467 “
186 4457 379 4534 καθίστησιν,
406 4477 546 4522 amorem
567 4459 742 4544 quidquam
761 4458 800 4522 ab
823 4460 878 4524 illa
900 4467 964 4525 arte
987 4461 1130 4527 adiuvari
1151 4469 1247 4546 negat
1266 4482 1296 4546 p.
1322 4463 1363 4528 bu
1386 4457 1455 4528 οὗτε
1485 4469 1643 4546 βοηθεῖται
1670 4461 1721 4533 διὰ
1742 4477 1886 4558 μουσικῆς
1906 4478 1956 4540 καὶ

185 4581 342 4651 ποιητικῆς
367 4581 454 4668 ἔρως,
487 4575 551 4640 ἀλλ’
589 4572 645 4642 ὑπὸ
675 4583 737 4641 τῶν
768 4579 917 4642 πλείστων
950 4582 1000 4643 καί
1030 4591 1093 4656 τοῖς
1119 4581 1269 4654 πλείστοις
1290 4571 1442 4645 ίκκιίεται.
1486 4584 1657 4653 Mulierum
1680 4595 1785 4656 autem
1809 4595 1952 4662 moribus

184 4707 307 4766 tautum
329 4701 443 4766 abesse
473 4711 506 4764 ut
538 4699 712 4784 quidquam
746 4699 821 4763 indo
844 4700 988 4766 utilitatis
1010 4702 1154 4783 accedat,
1186 4707 1221 4766 ut
1243 4704 1417 4768 verendum
1441 4707 1545 4788 potius
1568 4710 1624 4792 sit,
1656 4701 1697 4794 μή
1730 4734 1806 4776 ποτε
1838 4712 1955 4779 πολλίν

185 4813 321 4907 ἀφορμὴν
342 4810 419 4882 διδῶ
439 4811 510 4905 πρὸς
530 4816 695 4880 ἀκολασίαν
715 4821 765 4880 καὶ
787 4810 913 4892 ἀταξίαν
934 4811 1140 4905 βακχεύουσαν
1159 4823 1203 4906 (p.
1227 4823 1290 4906 70),
1312 4825 1492 4908 similiaque
1514 4827 1619 4895 frisius
1635 4836 1837 4918 persequitur
1858 4857 1887 4922 p.
1902 4837 1950 4902 78.

185 4941 324 5006 Omnino
335 4945 442 5004 autem
457 4959 522 5004 non
537 4939 630 5003 aliam
647 4941 712 5003 rim
728 4958 799 5003 esee
815 4940 954 5004 musices
969 4960 1066 5024 quam
1082 4941 1183 5028 τέρψιν
1196 4945 1247 5006 καὶ
1259 4943 1456 5032 ψυχαγωγίαν
1472 4955 1601 5036 saepius
1617 4955 1779 5022 contendit
1793 4957 1950 5042 (elpidi.

185 5099 224 5108 --
255 5059 289 5122 ll.
315 5062 334 5124 3
357 5059 462 5125 verbis
485 5057 520 5120 ίκ
541 5059 619 5134 τίνος
650 5059 848 5144 explicandis
870 5059 1033 5124 lacobsius
1062 5061 1189 5127 adhibet
1220 5064 1375 5150 Propertii
1411 5089 1523 5133 versus
1546 5071 1577 5134 ll
1600 5075 1630 5155 l,
1655 5074 1741 5139 19L
1768 5077 1880 5162 quippo
1903 5079 1952 5143 uli

185 5203 235 5244 uec
263 5203 368 5244 caueae
390 5202 440 5244 uec
461 5190 580 5262 oportue
601 5179 747 5242 ccruu'ruua
768 5181 859 5257 iutro,
894 5181 969 5244 uude
1000 5191 1098 5245 torridu
1122 5183 1235 5246 rcru'oul
1268 5197 1309 5248 lut
1332 5187 1431 5264 ινιιιίιι,
1465 5211 1551 5253 caeca
1583 5193 1629 5255 uin
1652 5205 1712 5270 eat,
1745 5217 1826 5280 quac
1861 5198 1892 5262 in
1916 5221 1950 5266 m

184 5301 309 5366 diversa
329 5320 394 5365 non
417 5301 505 5366 omni
527 5318 569 5363 ex
590 5304 678 5382 parte
700 5305 772 5384 apta
794 5308 878 5371 sunt.
914 5299 1011 5368 Poeta
1032 5305 1176 5370 animum
1198 5324 1304 5370 amere
1327 5309 1429 5375 adhuc
1451 5313 1604 5378 intactum
1626 5315 1717 5402 fingit
1740 5320 1950 5405 nesciumqua
