4648 6066
15 544 20 557 '
33 561 37 602 l

913 413 954 430 -—
1012 370 1217 448 XXV-

192 593 364 683 ὀφθαλμοῖς
390 583 499 680 χθιζὸν
521 593 551 654 ts
576 589 731 676 ημιτέροις
757 587 796 670 rip
819 587 904 674 ἑτέρῃ
936 577 1121 660 κλαύσαντες
1149 576 1323 670 έθοίπτομεν
1350 583 1558 667 similiterque
1585 581 1639 646 alii
1668 581 1760 645 multi
1781 579 1830 662 (ef.
1853 579 1949 643 etiam

188 715 321 781 Nicetes
342 713 466 800 Eugen.
489 711 538 776 IX
561 713 602 774 54
624 713 703 794 sqq.)
729 747 764 754 --
790 708 809 770 8
829 709 999 792 aliquando
1020 711 1204 789 partaveram
1229 698 1280 766 σὺν
1299 695 1333 766 δέ
1356 703 1557 766 scribendum
1579 721 1651 766 esse
1673 721 1727 785 pro
1751 705 1800 762 νῦν
1821 691 1868 780 δί;
1894 699 1949 764 sed

188 836 302 902 tradite
325 854 403 898 sana
425 837 516 915 sunts
533 832 625 896 modo
645 849 753 895 sumas
776 849 841 894 non
860 828 1066 912 temporalem
1088 845 1159 890 esse
1174 824 1371 908 particulam,
1393 823 1449 886 sed
1464 823 1705 903 adversativam,
1724 826 1760 885 ut
1775 839 1880 905 saepe.

358 950 468 1016 XXIV
512 949 607 1014 Anu.
630 947 696 1013 Pal.
721 946 767 1012 Vl
790 947 851 1011 349
873 935 1058 1030 Φιλοδήμου.

668 1153 764 1229 ’ίνοῦς
784 1147 809 1216 ὦ
832 1152 1003 1240 Μελικέρτα
1026 1144 1060 1216 σύ
1081 1175 1116 1216 τε
1138 1143 1277 1226 Γλαύκης
1298 1143 1448 1237 μεδέουσα

737 1260 904 1350 Λευκοθέη,
927 1263 1038 1335 πόντου
1061 1263 1172 1356 δαίμον’
1200 1260 1381 1346 ἀλεξικάκω,

671 1386 817 1482 Νηρ·ξ.δοιν
835 1415 870 1456 τε
891 1393 975 1479 χοροὶ
998 1394 1047 1454 καὶ
1068 1383 1189 1477 κύματα
1212 1391 1261 1452 καὶ
1284 1380 1328 1468 οὐ,
1353 1379 1513 1466 Πόσειδον,

736 1517 786 1577 καὶ
807 1505 907 1600 otpolt,
930 1510 1046 1616 ἀνέμων
1066 1503 1227 1598 πρηυτατε,
1250 1510 1373 1598 Ζέφυρε,

611 1635 630 1698 5
672 1634 753 1696 ἱλαοί
775 1655 812 1718 με
835 1631 961 1720 φέροιτο,
984 1625 1034 1694 διὰ
1054 1626 1156 1694 πλατὺ
1177 1637 1258 1716 κῦμα
1281 1622 1424 1718 φυγόντα,

741 1755 819 1832 σῷον
840 1751 887 1812 ἐπί
908 1743 1052 1836 γλυκερὴν
1072 1742 1147 1832 τ’,όνα
1168 1751 1323 1839 Πειραιέως

195 1935 237 1999 V.
263 1935 291 1997 l.
318 1935 337 1997 2
371 1921 406 1994 σύ
436 1951 471 1992 τε
492 1920 610 2014 γλαυκὴ
641 1915 789 2010 μεδέουσα
816 1920 975 1991 Λευκοθέη
1003 1913 1122 2000 πόντου,
1162 1915 1268 2008 δαῖμον
1298 1913 1457 1997 ἀλεξίκακε
1480 1922 1592 2002 codex,
1625 1923 1659 1985 in
1687 1917 1803 2004 quibus
1824 1918 1946 1982 dualem

192 2048 298 2142 δαῖμον
327 2040 497 2125 ἆλεξυιάκω
528 2049 665 2113 restituit
691 2043 887 2122 Sohaeierus
919 2043 1040 2126 reliqua
1069 2063 1128 2128 ego
1156 2047 1279 2108 correxi
1305 2041 1444 2108 Hermae
1472 2044 1533 2106 vol.
1558 2041 1618 2106 XV
1646 2062 1674 2125 p.
1696 2041 1757 2104 460
1792 2077 1832 2086 —
1865 2040 1956 2101 δίπὶ

190 2168 302 2262 γλυκὺν
323 2172 437 2252 codex,
458 2169 595 2234 correxit
614 2165 796 2232 Dorvillius.

357 2343 485 2408 Praetor
506 2342 583 2404 haee
611 2357 692 2421 quae
713 2337 862 2422 proposui
885 2333 1062 2398 Philodemi
1085 2337 1311 2418 epigrammata
1331 2333 1392 2398 alia
1410 2335 1484 2399 olim
1506 2333 1635 2400 fuerunt
1665 2353 1751 2399 neree
1773 2333 1952 2417 deperditn3

192 2467 350 2554 equibus
368 2483 473 2528 unum
497 2461 621 2524 videtur
641 2457 772 2522 Horatio
795 2455 996 2520 obversatum
1018 2473 1090 2519 esse
1112 2458 1167 2518 sat.
1189 2453 1205 2516 l
1227 2456 1257 2536 2,
1281 2455 1356 2518 120:

639 2613 722 2676 ίίίιιιιι
740 2620 816 2694 ‘post
832 2611 955 2694 pautl03
981 2611 1033 2675 ned
1047 2609 1164 2693 pluria·
1185 2611 1212 2672 ai
1232 2612 1334 2674 meu
1352 2611 1407 2674 eir'

638 2731 744 2808 Gallae,
766 2730 842 2794 ίιοιιο
863 2729 1056 2796 Philodemus
1079 2731 1122 2794 eit
1143 2731 1200 2794 etti
1219 2752 1295 2816 <prae
1316 2752 1406 2815 ιιοφυο
1427 2753 1534 2814 meglio

636 2863 688 2917 stet
706 2851 806 2934 pretio
827 2869 919 2936 nepte
940 2863 1097 2927 cunctetur,
1120 2873 1186 2914 eum
1208 2852 1351 2914 ostiense
1372 2851 1477 2914 venire.

194 3071 302 3137 Notari
322 3071 372 3134 his
394 3064 541 3131 uersibus
562 3063 673 3147 putant
693 3058 947 3123 inficetissimum
967 3061 1160 3144 epigramma
1182 3058 1265 3141 quod
1286 3056 1464 3124 Philodemi
1487 3061 1616 3124 nomine
1638 3062 1824 3146 inscriptum
1841 3061 1956 3144 legitur

196 3191 293 3255 Aatlr.
317 3187 382 3256 Pel.
407 3187 434 3249 V
458 3185 532 3250 126:

657 3301 758 3364 litera
781 3291 902 3362 δίδωσιν
923 3293 985 3373 ἑνὸς
1006 3303 1046 3365 σι’,
1068 3291 1149 3360 δεῖνα
1170 3292 1186 3360 ὁ
1210 3289 1291 3360 δεῖνα
1312 3289 1450 3360 τάλαντα
1506 3341 1509 3348 ·

715 3422 765 3483 καὶ
785 3423 857 3502 βινεῖ
876 3417 1005 3507 φρίσσων
1027 3421 1077 3481 καὶ
1098 3411 1142 3503 μοὶ
1165 3411 1217 3478 τὸν
1239 3409 1311 3480 οὐδὲ
1332 3411 1440 3489 καλήν·

658 3542 747 3604 πέντε
769 3532 794 3602 δ’
819 3535 880 3626 έγώ
903 3531 1039 3627 δραχμὰς
1059 3541 1123 3600 τῶν
1144 3525 1267 3599 δώδεκα
1290 3529 1476 3622 Λυσιανάσον,
1551 3606 1555 3614 ,

717 3663 767 3723 καὶ
789 3663 860 3742 βινῶ
884 3654 955 3746 πρὸς
968 3664 1014 3741 τῷ
1038 3657 1192 3745 κρείσσονα
1211 3658 1261 3719 καὶ
1283 3663 1428 3744 φανερῶς·

578 3763 581 3770 ‚
654 3771 774 3852 πάντως
795 3775 866 3850 ἦτοι
887 3774 948 3864 ἐγὼ
971 3779 1075 3866 φρένας
1097 3775 1151 3840 οὐκ
1174 3781 1245 3863 ἔχω,
1267 3773 1287 3848 ἡ
1308 3769 1345 3841 τό
1367 3801 1402 3864 γε
1423 3771 1528 3844 λοιπόν

722 3896 793 3975 τοὺς
816 3899 910 3963 κείνου
932 3899 1052 3962 πελέκει
1072 3891 1121 3961 δεῖ
1140 3889 1282 3990 διδύμους
1302 3895 1429 3984 ἀφελεῖν.

197 4093 253 4158 sed
287 4097 321 4158 ut
350 4097 471 4159 uoeam
500 4096 723 4176 argumentum
756 4089 918 4155 diversum
941 4109 1027 4172 esse,
1052 4111 1118 4155 non
1140 4094 1244 4176 petest
1269 4088 1454 4156 Philodamo
1484 4091 1581 4157 tribui
1600 4096 1664 4155 tam
1699 4093 1861 4178 ineptum,
1891 4094 1955 4156 um

197 4231 347 4297 spurcum
364 4211 489 4275 dicendi
510 4231 624 4295 genus,
652 4231 715 4277 non
739 4215 874 4296 possunt
895 4215 939 4274 tot
961 4230 1167 4276 numerorum
1189 4210 1298 4274 sordes
1321 4211 1366 4274 illi
1388 4213 1522 4296 iniungi.
1569 4211 1728 4276 Videntur
1749 4213 1856 4296 potius
1878 4211 1955 4276 haee

196 4333 235 4397 ad
254 4331 376 4396 Horatii
402 4332 642 4396 similitudinem
664 4333 777 4396 inseite
798 4331 900 4396 efficta
920 4350 992 4396 esse
1014 4331 1052 4395 ab
1074 4336 1167 4418 poeta
1188 4335 1316 4396 eentum
1347 4331 1412 4396 fere
1433 4332 1526 4396 annis
1549 4333 1732 4410 recentiori3
1767 4352 1810 4396 ex
1832 4331 1954 4396 Horatii

197 4457 278 4516 certe
308 4457 363 4517 sat.
387 4451 402 4514 I
425 4453 455 4531 2,
477 4453 518 4515 43
546 4455 687 4516 extrema
715 4458 841 4536 sumpta
870 4457 945 4517 sunt
977 4453 1048 4535 quin
1079 4451 1168 4514 etiem
1201 4451 1277 4514 tiled
1309 4451 1414 4514 aedidit
1444 4463 1476 4514 ut
1506 4452 1626 4514 ουίιίιιιη
1658 4463 1739 4514 esee
1769 4453 1956 4537 eandemque

195 4571 320 4635 οοίαοοηι
346 4571 497 4636 ἅαοοιονιι
515 4573 649 4656 ρωποι.
693 4570 807 4635 Contra
833 4573 993 4636 novicium
1022 4576 1184 4654 astatque
1209 4572 1375 4656 indignum
1400 4571 1484 4655 quod
1505 4573 1563 4636 hoo
1590 4573 1658 4637 loeo
1680 4591 1855 4656 proponam
1877 4593 1956 4656 opu-

196 4693 321 4758 seulum
347 4692 552 4773 vilissimum,
574 4692 659 4775 quood
687 4709 750 4755 non
777 4693 810 4755 in
834 4693 941 4757 eodice
963 4691 1106 4758 Palatino
1125 4694 1181 4757 sed
1202 4695 1237 4756 in
1260 4692 1437 4776 apographo
1460 4691 1619 4776 lipsiensi
1638 4696 1670 4756 et
1690 4692 1724 4754 in
1747 4692 1874 4756 schedis
1896 4692 1954 4758 [a-

196 4815 350 4877 erealanis
378 4813 526 4877 traditum
548 4811 606 4874 hae
630 4812 700 4896 ipsa
730 4831 763 4874 re
791 4813 933 4896 arguitur
953 4813 1079 4876 saeculo
1101 4811 1192 4876 XVII
1211 4831 1276 4876 non
1298 4829 1370 4874 esse
1393 4813 1565 4895 antiquius.
1610 4808 1833 4894 Suspicionem
1857 4813 1956 4876 movit

196 4935 316 5016 pomus
350 4931 493 4996 Chardon
522 4933 561 4996 de
592 4931 623 4995 la
648 4929 810 5015 Βυοίιοίίο,
838 4936 890 4998 oui
912 4935 1008 4998 miror
1037 4935 1121 5017 quod
1149 4931 1313 4997 Ieoobsius
1340 4929 1506 4996 oblocutus
1532 4935 1581 4995 est
1608 4931 1703 5011 (antn
1723 4951 1768 5014 gr.
1793 4929 1870 4995 VlIl
1894 4933 1955 4995 218

198 5069 229 5113 u.
253 5051 296 5134 9),
321 5051 450 5135 elegans
476 5051 621 5116 iudicans
643 5054 837 5137 epigramma
858 5071 929 5116 esse
953 5071 1013 5115 noo
1035 5057 1142 5116 vetere
1164 5056 1256 5136 poeta
1278 5052 1454 5136 indignum.
1496 5052 1627 5116 Horatio
1651 5052 1731 5116 dune
1753 5053 1861 5117 fiotum
1883 5072 1956 5117 esse

198 5175 375 5235 amomum
403 5171 557 5234 distichon
585 5171 676 5236 donet
702 5165 781 5236 εἰδὲ
803 5171 871 5256 μίαν
899 5163 1033 5252 ταύταιν,
1062 5173 1181 5250 Πεῖσον,
1214 5169 1241 5256 μ’
1269 5177 1356 5258 αἱρεῖν
1377 5171 1550 5250 ίπιτέλλεις,
1571 5175 1612 5235 εἰν
1632 5163 1750 5260 Ἐφύρῃ
1773 5173 1878 5260 μίμνω,
1900 5168 1956 5244 τὴν

198 5280 223 5352 δ’
248 5283 305 5378 ἄρα
328 5281 449 5364 Γάλλος
467 5294 541 5378 έχοε
1733 5381 1751 5434 ⁴
