4648 6066
954 395 1191 470 ,ν-

190 629 265 674 eum
288 609 344 693 (qui
366 609 499 672 alterum
520 608 560 672 ab
580 609 676 674 altero
697 607 775 690 pede
800 606 953 687 dactylico
977 607 1132 688 seiungit;
1163 608 1261 670 artius
1283 607 1369 670 eninr
1392 607 1537 691 singulae
1559 606 1675 687 dactyli
1698 605 1836 687 syllabae
1853 626 1953 688 ,quam

193 730 311 814 singuli
344 728 460 810 dactyli
493 730 575 792 inter
605 749 640 790 se
674 729 851 791 cohaerent.
901 727 1012 810 ltaque
1046 728 1159 790 factum
1196 733 1244 789 est
1274 731 1309 790 ut
1342 726 1552 810 elegantiores
1584 745 1786 790 numerorum
1819 727 1954 790 artifices

193 849 348 914 trochaice
371 848 457 911 hiatu
480 849 580 928 (velut
602 851 627 910 εἴ
647 871 704 910 που
728 839 855 933 ἐφεύροι)
878 867 991 911 vorsus
1014 848 1253 911 continuitatem
1278 849 1506 929 interrumpere
1535 852 1734 927 vererentur,
1757 847 1957 911 adinittereut

190 990 265 1034 vero
288 970 381 1033 certis
404 967 594 1050 quibusdam
616 968 695 1032 locis
714 968 903 1048 dactylicum
926 966 1027 1043 (velut
1048 967 1181 1052 γίγνεται
1203 967 1233 1026 ἐν
1253 965 1394 1052 πολέμῳ).
1442 967 1653 1032 Callimachus
1675 967 1708 1030 iu
1732 985 1824 1030 rursu
1849 973 1956 1050 penta-

191 1096 289 1154 metro
313 1109 353 1153 ne
376 1109 477 1153 unum
500 1088 626 1171 quidem
652 1090 768 1152 hiatum
794 1087 855 1151 sibi
870 1089 1025 1170 perurisit,
1047 1089 1075 1150 si
1096 1105 1169 1150 erim
1186 1073 1467 1172 exceperisquem
1491 1089 1540 1150 aad
1555 1087 1708 1170 particula
1724 1094 1797 1151 ante
1814 1089 1953 1152 vocalem

191 1214 292 1296 posita
313 1209 423 1287 efficit;
451 1209 532 1272 lianc
560 1209 646 1272 enim
679 1209 822 1274 voculam
850 1214 988 1292 (prepter
1009 1225 1088 1271 usus
1111 1205 1307 1271 crebritatem
1328 1210 1499 1291 ipsiusque
1520 1208 1692 1287 levitatem)
1720 1206 1870 1270 omnibus
1892 1209 1955 1270 fero

191 1333 229 1396 de
251 1333 338 1395 hiatu
362 1330 487 1415 legibus
510 1335 690 1414 exemptam
714 1348 786 1392 csse
808 1329 915 1392 decuit
937 1329 976 1392 de
998 1327 1114 1391 Nonne
1134 1347 1233 1410 agens
1255 1327 1405 1393 Lehrsius
1429 1329 1447 1392 l.
1466 1350 1491 1391 s.
1509 1349 1533 1392 s.
1552 1349 1581 1411 p.
1600 1329 1670 1390 267.
1717 1327 1778 1403 Qui
1794 1333 1955 1411 praeterea

192 1451 354 1535 legebatur
382 1451 486 1514 hiatus
516 1452 693 1515 trochaicus
716 1451 813 1534 epigr.
837 1451 876 1511 62
900 1448 948 1512 ed.
972 1447 1045 1511 Wil.
1070 1459 1166 1510 κεῖται
1188 1451 1218 1510 ἐν
1237 1447 1387 1536 'llpmytq
1418 1471 1491 1514 cum
1519 1447 1672 1531 probabili
1695 1451 1876 1512 coniectura
1898 1469 1951 1512 su-

189 1574 277 1637 stulit
299 1571 571 1635 Wilamowituius.
616 1569 652 1632 ln
678 1570 870 1633 hexametris
894 1571 1154 1653 epigrammatum
1180 1589 1241 1632 nen
1266 1569 1337 1652 plus
1360 1577 1508 1654 cyriattnor
1527 1569 1630 1632 hiatus
1646 1569 1793 1649 dactylici
1808 1571 1955 1653 exerripla

188 1695 398 1777 reperiuntur,
420 1691 483 1754 diro
506 1696 578 1754 ante
601 1709 763 1754 caesuram
787 1688 973 1770 bucolicum,
996 1689 1059 1752 diro
1074 1690 1107 1751 in
1124 1690 1203 1772 pede
1219 1692 1330 1772 prime.
1372 1691 1424 1753 ldx
1440 1691 1568 1771 hymnis
1585 1692 1804 1758 Callimacheis
1817 1689 1955 1754 Palladis

189 1815 350 1878 lavacrum
381 1813 524 1876 distichis
553 1811 765 1894 conscriptum
798 1811 942 1892 proxime
974 1809 1094 1871 accedit
1119 1811 1157 1874 ad
1187 1813 1451 1894 epigrammatum
1481 1815 1649 1876 rationem:
1682 1810 1780 1874 semel
1803 1811 1836 1872 in
1859 1811 1955 1873 altera

187 1934 376 2017 pentametri
398 1941 484 2017 parte
505 1932 619 2015 legitur
639 1930 754 2015 χρίεται
772 1923 951 2014 Ἠρακλέης,
996 1927 1085 2003 Quae
1108 1950 1150 1993 ex
1172 1931 1305 2014 reliquis
1329 1933 1524 1996 carminibus
1545 1934 1695 2017 elegiacis
1716 1937 1898 2014 supersunt,
1921 1933 1953 1996 in

187 2054 237 2117 his
260 2055 287 2115 si
311 2054 475 2136 exceperis
499 2071 581 2136 quae
603 2053 709 2133 liranis
731 2051 921 2113 coniecturis
943 2049 1029 2112 illata
1050 2055 1125 2112 snut
1148 2050 1225 2114 nihil
1248 2057 1297 2116 est
1319 2055 1403 2138 qnod
1425 2057 1588 2137 repugnet.
1632 2053 1906 2136 Epigrammatum
1926 2059 1957 2118 et

187 2174 361 2257 elegiarum
383 2171 509 2236 easdem
534 2188 738 2234 nirnicrornm
759 2170 846 2252 leges
870 2189 941 2234 esse
965 2175 1217 2236 consentancum
1240 2179 1307 2252 est;
1341 2176 1368 2236 si
1393 2193 1583 2256 quaeramus
1606 2175 1702 2257 igitur
1725 2173 1809 2237 uude
1835 2179 1955 2239 tauhun

189 2293 402 2358 Callimachus
425 2291 623 2354 severitatem
652 2289 838 2372 adsciverit,
862 2291 900 2353 ad
934 2291 1091 2373 elegiacos
1123 2299 1232 2375 poetas
1258 2295 1447 2356 vetustiores
1483 2311 1541 2356 nos
1572 2299 1794 2359 convertamus
1825 2301 1956 2379 eportet,

186 2414 345 2479 Calliuum
374 2413 455 2492 dice,
486 2387 720 2492 Archilochum,
751 2408 930 2491 Tyrtaeum,
956 2408 1193 2493 Miumcrmum,
1221 2412 1380 2494 Solonem,
1410 2433 1544 2497 querum
1573 2415 1605 2475 in
1637 2413 1780 2498 reliquiis
1809 2417 1954 2500 dactylici

188 2537 292 2600 hiatus
318 2535 519 2617 reperiuntur
545 2533 579 2594 in
601 2532 794 2594 hexametris
817 2531 1024 2614 quadraginta
1047 2549 1115 2612 sex,
1143 2551 1160 2594 e
1184 2531 1301 2613 quibus
1323 2533 1354 2597 in
1380 2539 1489 2616 qirarm
1511 2533 1589 2616 pede
1613 2539 1685 2597 anto
1707 2555 1872 2603 caesuram
1897 2539 1954 2604 bu·

188 2657 320 2719 colicam
348 2655 476 2736 triginta
499 2654 655 2734 quattuor,
688 2653 720 2714 in
745 2652 855 2733 quinto
878 2656 1008 2734 septam,
1038 2653 1070 2713 in
1094 2653 1195 2734 prime
1218 2656 1373 2735 quattuor,
1402 2653 1547 2716 intortio
1572 2673 1656 2718 nuris
1679 2654 1817 2734 (Solonis
1839 2663 1869 2740 4,
1894 2662 1955 2742 li),

189 2775 298 2840 nullus
339 2775 371 2836 iu
414 2771 554 2838 secunde
592 2770 671 2855 pede
687 2770 726 2852 ¹);
770 2772 803 2834 in
832 2774 1036 2855 pentametris
1075 2780 1181 2836 autem
1222 2773 1349 2854 triginta
1389 2775 1529 2856 septem,
1569 2793 1704 2856 qnorum
1745 2778 1783 2841 ad
1817 2781 1953 2862 priorem

188 2915 300 2960 versus
323 2899 442 2977 partem
474 2893 633 2976 pertinent
659 2911 794 2972 novem,
825 2893 863 2955 ad
891 2893 1019 2956 alteram
1048 2893 1171 2974 reliqui.
1225 2889 1386 2956 'Procliaici
1415 2900 1523 2958 eontra
1552 2895 1657 2960 hiatus
1688 2917 1752 2962 non
1778 2899 1853 2980 plus
1885 2906 1953 2964 ecto

188 3015 336 3098 exempla
366 3019 441 3076 suut
467 3014 584 3091 omnia,
613 3013 645 3074 in
676 3011 853 3076 hexametri
878 3013 958 3097 pede
986 3014 1087 3094 prime
1110 3013 1183 3090 due,
1212 3012 1245 3074 in
1272 3015 1362 3077 tertie
1385 3021 1458 3079 ante
1480 3035 1643 3082 caesuram
1667 3017 1744 3098 due,
1773 3020 1807 3081 in
1839 3021 1952 3102 quinto

191 3153 285 3210 tinne,
304 3137 338 3198 in
355 3134 541 3218 pentametri
564 3134 661 3216 partis
676 3135 789 3218 prioris
811 3134 890 3216 pede
911 3135 1013 3216 primo
1035 3131 1109 3214 duo,
1131 3134 1163 3194 in
1186 3133 1297 3197 cadem
1320 3135 1450 3198 alterius
1472 3137 1548 3198 sedo
1571 3155 1663 3198 unus.
1709 3136 1780 3200 Neu
1806 3159 1886 3222 epus
1907 3147 1955 3204 est

187 3256 381 3339 reliquorum
411 3259 574 3337 poetarum
596 3273 745 3318 numeros
765 3259 908 3318 enotare:
936 3253 1046 3316 eadem
1069 3255 1146 3320 ratio
1169 3263 1217 3316 est
1239 3256 1392 3318 emnium.
1439 3253 1641 3340 Quidigitnr
1659 3256 1786 3328 mirum,
1809 3261 1837 3320 si
1860 3259 1954 3324 Calli-

188 3376 320 3440 machus
352 3375 579 3440 subtilissimus
608 3393 812 3438 numerorum
846 3373 962 3438 arbiter
991 3374 1074 3457 qnod
1106 3375 1302 3457 antiquiores
1334 3375 1413 3436 vidit
1441 3395 1510 3439 raro
1542 3381 1573 3438 et
1601 3395 1694 3458 parce
1724 3375 1892 3442 admisisse
1922 3382 1952 3444 id

189 3497 321 3561 omniuo
337 3501 498 3577 tamquam
515 3495 666 3560 vitiosum
682 3502 714 3560 et
726 3495 870 3558 illicitum
886 3495 1017 3577 expulit.
1047 3493 1229 3560 Callimachi
1245 3495 1393 3577 exemplo
1410 3497 1489 3560 nihil
1510 3497 1657 3560 commoti
1673 3501 1748 3560 sunt
1767 3500 1822 3582 qui
1838 3501 1890 3564 vel
1905 3502 1953 3564 illi

188 3619 337 3702 aequales
352 3615 543 3682 fueruntvel
559 3615 718 3700 Meleagro
734 3615 908 3678 Gadarensi
930 3611 1124 3699 superiorem
1149 3617 1203 3699 qni
1226 3616 1355 3700 quidem
1378 3617 1437 3679 etsi
1460 3618 1615 3682 trochaico
1630 3618 1717 3682 lriatu
1740 3621 1843 3682 rarius
1859 3643 1953 3704 quam

188 3739 340 3820 dactylico
367 3744 499 3804 utuntur
529 3743 660 3805 minime
690 3744 794 3802 tamen
828 3755 902 3799 cum
933 3735 1108 3820 deluginnt.
1154 3735 1280 3802 Primus
1310 3737 1435 3800 videtur
1464 3736 1621 3822 Meleager
1648 3739 1749 3802 fuisse
1781 3743 1836 3824 qui
1860 3742 1954 3805 Calli-

188 3861 290 3924 machi
323 3879 417 3924 usnm
447 3861 648 3926 observatum
679 3865 711 3922 et
731 3861 932 3942 perspectum
953 3857 1128 3920 imitaretur
1150 3877 1272 3941 suaque
1294 3858 1476 3920 arroteritate
1500 3856 1719 3921 confirmatum
1747 3861 1953 3926 sectatoribus

188 3981 237 4043 vel
260 3980 423 4045 sodalibus
445 3982 588 4046 traderet.
632 3981 760 4046 Habent
780 3981 875 4063 igitur
896 3978 1024 4060 triginta
1046 3979 1110 4040 iere
1126 3986 1157 4043 et
1172 3983 1299 4042 centum
1316 3977 1541 4060 epigrammata
1557 3995 1640 4060 quae
1655 3977 1805 4061 Meleagri
1824 3981 1953 4042 neuriuc

189 4101 345 4184 feruntur,
361 4102 610 4186 quattuordecim
643 4103 676 4163 in
697 4119 828 4164 caesura
851 4097 993 4160 bucolica
1018 4097 1122 4160 hiatus
1146 4097 1317 4176 dactylicos
1339 4098 1382 4160 ita
1402 4102 1439 4160 ut
1460 4096 1607 4160 desinant
1629 4102 1790 4179 correptae
1813 4097 1954 4178 syllabae

187 4221 268 4286 duae
291 4223 325 4284 iu
343 4245 367 4283 οι
383 4211 458 4304 (ἐγώ
481 4225 512 4284 et
533 4213 614 4327 ipsi),
636 4219 717 4282 duae
733 4220 765 4280 in
783 4239 817 4278 ον
840 4207 1076 4296 (heremum
1091 4221 1123 4279 et
1147 4215 1343 4296 Νικαινέτου),
1366 4218 1506 4299 reliquae
1528 4223 1633 4282 autem
1657 4218 1767 4281 decem
1783 4217 1951 4282 verberum

186 4343 303 4406 termae
326 4342 444 4404 sintin
468 4361 507 4402 -ει
528 4342 597 4404 sive
620 4341 652 4403 in
676 4361 721 4398 -αι
743 4343 909 4402 exeuntes.
939 4334 1038 4400 Primi
1060 4337 1237 4402 hexametri
1258 4336 1349 4420 pedis
1371 4342 1434 4400 tres
1450 4341 1659 4401 numerantur
1672 4339 1777 4402 hiatus
1796 4337 1952 4419 dactylici,

189 4464 397 4547 quintianus
419 4463 468 4542 (A.
491 4459 526 4523 P.
549 4459 598 4525 IX
623 4447 1052 4547 16γλυκοποὶρθενοιᾯραι).
1098 4458 1136 4521 ln
1162 4459 1368 4539 pentametris
1398 4459 1522 4523 numeri
1551 4456 1722 4542 Meleagrei
1744 4459 1787 4522 ita
1808 4459 1897 4522 biaut
1918 4466 1952 4523 ut

187 4589 240 4648 aut
257 4583 371 4666 prioris
393 4585 448 4644 ant
463 4581 594 4646 alterius
611 4585 706 4666 partis
721 4582 843 4666 primns
860 4579 1005 4660 dactylus
1019 4577 1108 4641 verbi
1124 4579 1224 4642 ferma
1239 4580 1281 4640 sit
1301 4581 1334 4642 ia
1357 4601 1397 4642 -ει
1421 4583 1490 4645 sive
1509 4581 1541 4643 in
1565 4601 1611 4638 -αι
1632 4578 1795 4660 desinam,
1816 4585 1950 4662 excepto

188 4725 250 4768 une
273 4704 427 4788 prooemii
448 4721 544 4766 versu
568 4703 619 4784 52,
646 4702 701 4768 nbi
724 4705 792 4785 ipsa
812 4700 858 4762 rei
881 4698 1064 4762 difficultate
1087 4702 1259 4762 excusatus
1287 4701 1414 4781 scripsit
1433 4691 1582 4781 Φαιδίμου
1602 4689 1789 4785 Ἀνταγόρου
1806 4700 1845 4762 τ’.
1876 4699 1951 4763 Tro·

186 4824 286 4887 chaici
316 4823 419 4886 hiatus
451 4825 582 4887 omnine
610 4824 674 4886 duo
705 4839 791 4884 nnnc
822 4821 975 4903 leguntur
1004 4819 1165 4902 exempla,
1196 4819 1330 4882 alterum
1352 4821 1391 4882 A.
1419 4819 1541 4883 exn
1565 4821 1605 4882 53
1634 4815 1669 4888 ἦν
1697 4843 1754 4882 που
1777 4816 1818 4880 ἐπ’
1845 4810 1951 4888 ἠιόνων

186 4935 272 5024 Κᾴαν
294 4937 375 5004 κατὰ
395 4949 483 5007 νᾶσον
502 4937 589 5014 ἴδητε
612 4941 721 5004 uranos
744 4945 782 5014 εἰς
804 4933 938 5026 χοιροπὸν
961 4931 1140 5026 δερκομέναν
1162 4938 1304 5024 πέλαγος,
1324 4939 1407 5022 quod
1431 4942 1586 5024 corrigere
1603 4961 1666 5004 nen
1682 4941 1794 5023 avrdcc,
1816 4940 1948 5004 alterum

186 5103 336 5112 —-----.--.
353 5105 433 5110 -ffl--
452 5103 469 5110 --
478 5107 483 5110 .
493 5105 563 5110 -μ-

356 5223 381 5286 1)
401 5221 442 5276 vel
461 5220 526 5274 binc
546 5223 660 5289 apparet
678 5235 828 5289 perversam
848 5235 904 5272 csse
923 5216 1035 5284 Berglrii
1055 5216 1235 5269 coniecturam
1259 5231 1343 5283 nuper
1361 5215 1446 5268 denuo
1466 5217 1629 5286 propositam
1648 5217 1675 5271 in
1700 5219 1804 5272 Solonis
1823 5219 1854 5272 lr.
1872 5219 1947 5282 aaa

184 5309 282 5379 πέμπτῃ
301 5301 322 5359 δ’
343 5304 419 5376 adpicta
437 5299 515 5375 ἄνδρα
533 5301 616 5376 γάρου
635 5305 787 5376 μεμνημένον
805 5299 868 5374 εἶναι,
888 5306 933 5360 ubl
951 5305 1099 5358 rectissime
1118 5301 1247 5355 traditum
1265 5293 1345 5370 ὥριον,
