4648 6066
1106 453 1147 466 -
1204 413 1313 485 XXII
1374 452 1411 466 ·-

378 611 481 674 lunmu·
500 617 618 694 perdel,
640 629 782 700 pareutum
803 621 1004 702 Lunprsucr'ne
1026 623 1122 684 colunt
1140 623 1268 704 puellae,
1293 624 1344 687 vel
1367 624 1510 687 Greefius
1534 622 1590 704 qui
1613 639 1675 684 iren
1699 617 1826 702 illepide
1846 615 1949 679 iudice
1971 613 2143 678 Duebnoro

380 732 560 815 suspicatus
584 741 632 798 ost
653 735 738 798 τοῦθ’
767 736 889 825 ὅτιπερ
911 731 1018 826 μόριον.
1062 743 1150 806 Haec
1173 744 1269 826 igitur
1298 749 1332 805 ut
1354 763 1465 805 earnes
1488 743 1688 825 elegantioris
1718 737 1824 802 iuuieu
1848 739 1960 817 poetae
1983 735 2025 797 ita
2046 735 2141 798 etiam

381 846 587 914 Philodemus
610 859 748 922 evitasse
770 860 951 924 censendus
975 868 1039 938 est3
1074 882 1146 925 nam
1172 865 1207 925 ut
1225 866 1345 926 mittam
1362 861 1524 926 Stratonos
1539 859 1698 924 Martiales
1721 859 1810 935 alios,
1834 861 1868 919 ut
1889 855 2009 916 mittam
2033 857 2143 935 poetas

380 965 585 1051 Priapeorum
618 977 686 1052 (scd
711 979 759 1040 vol
785 983 815 1042 in
841 981 889 1041 his
914 1001 998 1044 nnus
1020 981 1216 1064 subpudicus
1238 981 1384 1045 Tibullus
1401 975 1431 1044 c.
1455 984 1495 1044 82
1518 981 1565 1044 ed.
1589 977 1732 1059 eneam,
1760 995 1801 1038 ne
1824 974 1992 1038 Petronius
2014 972 2141 1055 quidem

379 1107 437 1151 siro
461 1095 591 1158 nomine
614 1117 679 1160 rem
704 1103 828 1182 turpem
854 1101 1012 1182 appellare
1035 1119 1147 1181 passus
1171 1109 1218 1164 cst
1245 1108 1300 1166 aut
1320 1100 1517 1182 Polyaenum
1541 1102 1595 1161 aut
1617 1096 1727 1160 Circen
1745 1117 1770 1158 e.
1793 1097 1861 1157 129.
1889 1094 1947 1156 130
1969 1093 2034 1164 (illa
2056 1093 2141 1155 onim

379 1211 487 1273 Si‘l'ibil
509 1227 614 1296 impiant
637 1220 744 1280 rnedicr'
763 1219 824 1280 aina
846 1220 941 1280 ucrm'a
963 1219 1092 1280 domines
1114 1220 1269 1282 orrrlrulure
1284 1241 1380 1301 posse,
1413 1217 1594 1299 Polyaenus
1617 1235 1680 1278 nou
1701 1232 1735 1274 se
1758 1212 1814 1275 sed
1837 1215 2048 1298 instrumenta
2068 1231 2142 1294 pec-

378 1349 468 1395 casse
497 1338 709 1400 verecundius
737 1337 902 1416 rescribit),
929 1345 959 1400 ct
982 1339 1116 1402 Ovidius
1147 1342 1216 1423 ipse
1239 1339 1467 1422 perspicaciae
1489 1336 1582 1398 nostri
1602 1337 1691 1416 uixit,
1715 1331 1820 1395 Ovidii
1844 1336 1948 1396 autem
1970 1331 2143 1394 imitatores

378 1470 560 1531 anonymus
589 1457 666 1520 alter
695 1461 743 1534 (A.
768 1457 801 1522 P.
824 1457 890 1520 Xll
913 1461 985 1538 216)
1014 1463 1061 1518 νῦν
1082 1451 1168 1545 ὀρθή,
1191 1451 1344 1545 κατάρατε
1372 1457 1498 1541 scripsit
1519 1454 1717 1519 substantivo
1740 1471 1804 1515 non
1826 1451 1941 1532 audito,
1968 1451 2045 1513 alter
2066 1450 2142 1531 Scy·

377 1569 486 1634 thinus
508 1575 558 1652 (A.
576 1573 611 1637 P.
636 1574 698 1638 Xll
721 1579 797 1656 232)
821 1581 968 1660 qumvis
992 1598 1128 1660 spurcus
1152 1580 1245 1642 homo
1268 1583 1300 1642 et
1321 1580 1458 1641 rusticus
1480 1582 1586 1639 tamen
1610 1575 1684 1636 hnic
1707 1570 1848 1635 membro
1872 1590 1987 1635 nomen
2012 1571 2142 1654 negarit

377 1683 469 1772 ρζρθδν
491 1695 539 1751 νῦν
561 1691 700 1773 ἕστηκας,
722 1687 884 1780 ἀνώνυμον.
927 1697 995 1762 Has
1018 1699 1114 1781 igitur
1136 1699 1244 1761 sordes
1263 1699 1435 1782 prudenter
1457 1697 1588 1758 evitavit
1601 1692 1754 1772 Pausias
1777 1692 1831 1772 qui
1848 1689 2006 1772 proverbii
2021 1709 2143 1753 memor

377 1808 503 1891 scripsit
526 1816 618 1874 τοῦτο
645 1807 683 1875 τὸ
711 1814 861 1901 τερμέριον
888 1819 938 1900 (ef.
960 1819 1168 1901 paroemiogr.
1193 1817 1208 1878 Ι
1233 1820 1292 1883 162
1315 1817 1481 1882 0111215
1503 1815 1630 1895 adnot).
1673 1810 1734 1874 Sed
1762 1811 1862 1893 potuit
1887 1810 2019 1873 fortasse
2046 1817 2141 1892 poeta

377 1945 466 1990 stiam
493 1930 701 1996 calamitatem
728 1929 889 2020 Τερμέριον
914 1926 1007 1998 κακόν
1035 1937 1207 2022 appellare,
1243 1958 1305 2002 non
1333 1938 1436 2021 potnit
1463 1932 1640 1998 membrum
1668 1932 1788 2013 ipsnm3
1820 1929 1909 1992 aliter
1935 1929 2022 1991 enim
2049 1936 2141 2012 poeta

375 2043 480 2130 Priap.
503 2050 595 2112 83⁴v.
620 2054 658 2116 19
688 2064 719 2113 at
745 2077 761 2114 e
788 2054 900 2116 sceleste
920 2057 1019 2135 penis,
1042 2079 1059 2118 o
1081 2079 1178 2119 rumim
1197 2057 1320 2118 aralurn.
1364 2054 1476 2136 Itaque
1498 2055 1525 2115 si
1550 2050 1728 2116 membrum
1750 2051 1860 2131 utiquo
1881 2049 1929 2110 ln's
1955 2047 2061 2110 verbis
2084 2069 2140 2112 uo-

375 2168 474 2230 tatum
506 2187 578 2232 osse
601 2171 720 2254 credas
747 2173 808 2237 talo
833 2178 907 2260 quid
932 2196 1065 2259 quaeras
1088 2183 1208 2261 oportet
1238 2174 1332 2260 quale
1359 2175 1393 2236 in
1419 2192 1453 2236 ro
1477 2173 1603 2236 diversa
1624 2169 1731 2252 posuit
1752 2166 1852 2231 Strato
1873 2170 1911 2231 A.
1936 2165 1970 2230 P.
1995 2165 2057 2230 XII
2079 2170 2136 2232 191

376 2283 431 2346 οὐκ
453 2284 545 2371 ἐχθὲς
566 2298 633 2364 παῖς
663 2283 748 2361 ἦσθα
771 2295 820 2355 καὶ
843 2287 904 2357 οὐδ’
932 2290 1001 2383 ὄναρ
1024 2284 1112 2370 οὗτος
1134 2290 1150 2358 ὁ
1172 2287 1285 2381 πώγων
1306 2287 1418 2372 irinum
1441 2297 1505 2364 πῶς
1527 2288 1617 2370 ἀνέβη
1638 2293 1731 2350 τοῦτο
1754 2281 1789 2348 τὸ
1806 2277 1964 2371 δαιμόνιον,
1988 2287 2043 2350 sed
2060 2288 2138 2350 nihil

375 2406 516 2469 inveniri
549 2413 651 2491 potest
690 2414 774 2494 qnod
804 2413 934 2497 probare
960 2415 1049 2478 velis
1108 2418 1151 2479 At
1176 2433 1295 2498 quaeso
1322 2417 1412 2479 estne
1439 2431 1514 2475 voro
1542 2411 1759 2476 necessarium
1785 2411 1820 2470 ut
1845 2405 1903 2469 hae
1926 2408 1979 2471 via
2002 2407 2138 2471 salutem

375 2544 582 2607 qnaeramns;
608 2549 714 2593 nonne
737 2534 813 2595 satis
837 2553 997 2619 superque
1019 2539 1111 2618 poeta
1132 2537 1320 2619 pronomine
1342 2552 1422 2597 usus
1445 2536 1538 2595 τοῦτο
1561 2535 1593 2594 et
1613 2529 1710 2594 verbo
1733 2517 1873 2596 θνὲσαειν
1894 2527 1945 2608 (cs.
1966 2526 2137 2608 Scythinus

374 2647 411 2707 A.
434 2643 468 2708 P.
493 2643 554 2709 ΧΠ
577 2649 639 2710 232
667 2644 766 2735 νεκρὸν
793 2649 982 2740 ἀπεαρέμασο
1010 2660 1041 2718 et
1063 2653 1170 2716 Ovidii
1187 2663 1385 2735 prr-aernortua
1406 2651 1550 2726 membra)
1573 2647 1766 2732 significavit
1787 2647 1862 2731 quid
1884 2647 1996 2709 vellet!
2026 2645 2138 2730 Itaque

374 2783 563 2845 persuasum
593 2769 671 2831 milri
696 2778 745 2833 est
765 2776 835 2854 post
857 2763 982 2840 θνήσκει
1003 2775 1133 2857 gravius
1155 2771 1445 2856 interpungendum
1468 2788 1550 2850 esso,
1581 2765 1749 2849 scriboqne
1770 2764 1884 2830 Panrii
1904 2767 2034 2829 invento
2056 2783 2137 2828 usus

373 2887 466 2945 τοῦτο
495 2878 532 2945 τὸ
557 2885 716 2974 Τερμὲρίον
738 2893 756 2952 i.
778 2910 805 2953 o.
828 2892 890 2953 iuro
911 2913 962 2974 ego
985 2915 1048 2956 cere
1066 2893 1171 2973 potior·
1200 2891 1380 2954 ibrrrrera'um
1401 2889 1477 2952 111ιαί
1497 2887 1621 2950 mediam.
1667 2885 1749 2950 Nam
1772 2903 1836 2948 non
1859 2884 1995 2968 quodvis
2016 2885 2137 2948 malum

373 3007 421 3064 ost
443 3001 639 3069 Tormorinm
663 3008 720 3071 sed
744 3011 828 3092 quod
861 3012 934 3094 quis
957 3033 994 3076 oa
1017 3016 1156 3096 corporis
1178 3023 1264 3097 parto
1285 3014 1403 3096 patitur
1424 3029 1488 3094 qua
1509 3015 1603 3074 antea
1624 3010 1827 3092 peccaverat,
1856 3005 1892 3072 cf.
1915 3003 1996 3072 Plut.
2019 3001 2135 3070 Thesei

374 3124 427 3186 Vil-
451 3144 476 3187 ⁰·
502 3126 538 3187 ll
564 3120 617 3188 τὸν
638 3125 787 3214 Τέρμερον
808 3122 949 3216 carptim
969 3127 1024 3202 τὴν
1045 3127 1179 3219 κεφαλὴν
1200 3129 1385 3194 ἀπέκτεινεν·
1409 3127 1456 3217 ἀφ’
1484 3120 1518 3195 οὗ
1543 3123 1580 3200 δὴ
1602 3123 1639 3190 τὸ
1662 3125 1820 3213 Τερμέριον
1842 3118 1937 3186 κακὸν
1959 3122 2133 3210 ὀνομασθῆ-

373 3264 420 3302 ναι
440 3241 592 3327 λέγουσιν·
615 3247 710 3307 παίιον
731 3239 796 3334 γάρ,
820 3246 861 3324 ὡς
883 3255 970 3330 ἔοικε,
993 3258 1111 3338 κεραλῇ
1138 3249 1208 3327 τοὺς
1230 3246 1468 3342 ἐντυγχάνοντας
1487 3245 1504 3313 ὁ
1526 3237 1674 3334 Τέρμερος
1694 3236 1861 3312 &edanum

539 3360 622 3424 XXI
665 3367 760 3431 antu.
780 3365 844 3430 Pul.
873 3369 931 3432 vu
964 3373 1025 3433 222
1057 3365 1243 3456 Φιλοδήμου.
1288 3372 1336 3436 Do
1367 3373 1430 3436 fide
1464 3372 1620 3438 lemmatis
1653 3365 1820 3432 dubitandi
1845 3383 1924 3428 ansa
1946 3384 2010 3426 non
2034 3363 2135 3446 datur,

360 3479 435 3550 nisi
459 3479 542 3562 qnod
565 3488 787 3565 argumentum
810 3488 998 3573 indolesquo
1020 3494 1170 3556 carminis
1193 3492 1231 3556 ab
1254 3490 1438 3556 Philodemo
1460 3492 1565 3556 aliona
1588 3490 1746 3552 videntur.

788 3667 925 3738 ‘Eutimia
948 3683 1002 3751 τῆς
1026 3685 1166 3765 τρνιρερῆς
1188 3677 1325 3764 μαλακὸν
1347 3679 1444 3766 ῥέθος,
1468 3671 1577 3741 ἐνθάδε
1600 3687 1696 3740 κεῖται

877 3787 1044 3882 'spu-sorios,
1068 3804 1210 3880 σαβακιῖιν
1225 3776 1351 3885 ’ἄνθεμα
1373 3791 1595 3884 {aniantion-

790 3937 809 3996 ς.
833 3910 949 3998 καλύβη
973 3919 1022 3980 καὶ
1045 3909 1154 3992 δοῦπος
1177 3919 1339 4006 ἐνέπρεπεν,
1361 3909 1380 3988 i.
1404 3918 1613 4004 ριλοπαίγμων

877 4040 1042 4123 στωμυλίη,
1067 4030 1163 4125 μήτηρ
1186 4037 1221 4107 ἢν
1244 4040 1366 4124 ἐφίλησε
1391 4043 1480 4114 θεῶν,

726 4159 744 4218 5
788 4152 806 4224 ’b
829 4149 922 4241 μούνη
945 4150 1093 4243 στέρξασαι
1115 4155 1156 4220 τὰ
1177 4151 1326 4246 Κύπριδος
1346 4159 1422 4242 ἀμφὶ
1443 4161 1590 4242 pueraria

876 4271 960 4360 ὄργια
983 4281 1032 4340 καὶ
1051 4276 1180 4362 φίλτρων
1204 4269 1314 4350 Λαίδος
1336 4271 1485 4361 idapem·

791 4401 846 4481 ρῦε
869 4393 950 4459 κατὰ
972 4392 1091 4476 στήλας,
1115 4394 1173 4485 ἱερὴ
1192 4393 1261 4472 κόνι,
1285 4403 1323 4476 τῇ
1347 4387 1525 4483 privabimur

876 4510 916 4600 μὴ
940 4510 1041 4596 duabu,
1061 4516 1124 4578 ἀλλ’
1153 4513 1271 4590 ἁπαλὰς
1291 4517 1437 4580 λεοαοίιον
1459 4507 1600 4590 κάλυκας.

370 4699 408 4761 V.
435 4701 447 4760 1
474 4701 554 4764 redii
577 4704 615 4766 ad
638 4704 755 4767 codicis
779 4709 975 4791 scripturam,
999 4729 1079 4791 qnae
1103 4709 1214 4772 eadem
1238 4705 1399 4770 l'lanudea
1422 4711 1658 4794 νε1,τρνφερῆς;
1692 4709 1844 4772 edebatur
1864 4729 1904 4773 ex
1929 4713 2027 4776 Sinda
2051 4733 2075 4775 s
2100 4735 2132 4776 ν.

368 4816 456 4902 ρ’ἑθος
487 4823 648 4903 1αιιιιμιειῐιι
682 4842 796 4888 nomen
821 4827 948 4909 puellae
970 4825 1131 4913 Τρυρὲρας.
1188 4827 1247 4890 Sed
1270 4825 1299 4888 Τ
1300 4816 1431 4912 pupiano
1464 4827 1575 4907 (edunt
1606 4819 1766 4914 τρυγόνων)
1800 4831 1861 4892 nisi
1896 4849 2012 4894 nomen
2036 4839 2133 4914 esset,

369 4959 431 5002 non
457 4961 534 5004 sane
557 4943 626 5004 sine
649 4941 804 5006 adieetiro
827 4947 988 5028 posuisset
1011 4953 1120 5031 poeta3
1145 4946 1224 5010 addo
1245 4945 1329 5030 quod
1353 4944 1544 5009 vocabulum
1568 4938 1687 5029 ἄνθεμα
1708 4949 1742 5028 (i.
1766 4969 1796 5030 q.
1819 4941 1954 5033 ἄγαλμα,
1977 4949 2014 5013 ef.
2038 4969 2135 5035 supra

368 5059 407 5121 ad
431 5079 463 5121 n.
487 5058 565 5140 xu)
588 5062 693 5142 aptius
717 5063 777 5146 ipsi
801 5067 921 5128 nomini
941 5066 1084 5148 additur,
1116 5066 1195 5130 adde
1219 5066 1303 5150 quod
1327 5085 1438 5147 parum
1462 5065 1623 5148 eleganter
1645 5068 1673 5129 si
1694 5065 1848 5154 Τρυρέρας
1880 5069 1967 5151 legas
2001 5071 2134 5135 artiorilo

369 5185 517 5241 oneratur
552 5199 687 5260 nomon,
719 5182 880 5270 eleganter
912 5192 1017 5249 autom
1053 5188 1152 5250 animi
1184 5188 1331 5268 vitaeque
1364 5185 1487 5248 indoles
1521 5187 1588 5264 (τῆς
1621 5188 1774 5272 τρνρερῆς)
1797 5189 2041 5271 coniunguntur
2058 5210 2132 5255 cunr

368 5301 506 5383 corporis
530 5299 682 5364 mellitate
710 5301 873 5367 rnollt'ouluo
904 5304 983 5367 illicis
1004 5305 1161 5368 relicatam
1184 5327 1292 5386 corpus
1326 5342 1365 5351 —
1398 5307 1417 5366 2
1441 5295 1573 5384 σαβακός
1594 5307 1614 5368 i.
1639 5327 1669 5390 q.
1694 5297 1805 5393 σαθρός
1827 5307 1864 5370 el.
1887 5305 1965 5373 Hes·
1990 5328 2014 5371 S.
2035 5330 2066 5371 v.
2092 5347 2134 5357 -
