4648 6066
1131 365 1389 442 ...VI-

374 591 411 651 A.
435 585 469 648 P.
495 586 522 646 V
548 585 607 648 198
630 586 775 664 corrupte
800 583 832 644 in
855 579 962 644 codice
984 581 1030 643 sic
1052 581 1202 664 scriptum
1233 559 1335 642 οδκέτι
1368 600 1415 639 cor
1447 575 1577 664 φαρέτρη
1612 601 1786 664 πρ.ιο..εν
1818 572 1996 666 πτερόεντος
2030 575 2150 654 οἰστοίς

375 698 520 794 κρύπτεις,
543 698 658 788 Ἔρως
692 703 801 785 legunt
830 721 903 764 enm
931 700 1093 764 Brnnolrio
1110 691 1249 786 aptarer,
1271 692 1382 785 Ἔρως,
1409 715 1572 780 perperam
1607 702 1641 760 ut
1668 717 1756 768 nunc
1784 701 1920 783 patebit,
1950 721 2147 785 quamquam

376 828 505 890 meliora
527 847 590 888 ιιοιι
616 830 690 886 sunt
712 826 743 886 in
768 828 922 906 promptu.
969 820 1139 885 Dillicilius
1162 825 1210 884 est
1230 821 1268 884 de
1290 821 1456 901 Antipatro
1478 817 1609 880 sidonio
1627 819 1793 902 iudicium,
1816 823 1908 885 cirins
1930 823 2061 884 nomine
2082 841 2146 884 non

374 969 443 1010 raro
467 969 504 1010 oa
524 949 752 1030 epigrammata
770 943 922 1024 inscripta
944 947 1020 1004 siant
1042 961 1124 1024 quae
1147 943 1240 1004 certis
1256 961 1292 1003 nc
1307 939 1495 1002 necessariis
1506 937 1549 1006 de
1565 939 1672 1001 causis
1688 941 1853 1024 Antipatro
1869 941 2147 1006 Thessalonicensi

374 1067 572 1132 attribuenda
594 1071 678 1128 sunt.
725 1063 761 1126 ln
795 1066 841 1126 eis
869 1039 973 1124 tamen
1006 1067 1164 1143 quaeant
1191 1069 1276 1126 corto
1299 1059 1420 1124 Sidonii
1443 1063 1554 1142 poetae
1576 1063 1652 1121 sunt
1675 1066 1728 1122 aut
1750 1061 1861 1124 saltem
1885 1062 2021 1126 dubitari
2045 1067 2148 1146 potest

325 1271 328 1278 Ι
374 1188 411 1251 ad
443 1195 546 1250 utrum
575 1187 639 1248 sint
669 1184 833 1247 referenda
861 1182 993 1246 hiatum,
1015 1187 1088 1245 ante
1112 1182 1287 1246 hucolicmn
1316 1181 1490 1243 hexametri
1519 1179 1711 1245 incisionem
1742 1182 1865 1244 nullum
1896 1183 2027 1245 invenio
2060 1187 2146 1256 (nam

373 1327 500 1370 carmon
533 1307 679 1368 ieiunum
708 1306 745 1366 Α.
766 1302 799 1367 P.
828 1301 948 1366 luae
972 1303 1066 1365 etiam
1089 1302 1159 1364 aliis
1180 1301 1218 1364 de
1241 1303 1347 1364 causis
1370 1298 1646 1363 Thessalonicensi
1670 1301 1865 1366 reddendum
1888 1304 1959 1384 ost),
1987 1304 2018 1365 in
2044 1303 2145 1385 primo

374 1429 454 1512 pede
485 1430 545 1490 tria
567 1425 620 1488 vel
643 1428 792 1507 quattuor
812 1423 960 1506 exempla
982 1427 1058 1486 saint
1078 1423 1245 1516 δικιδίοις
1281 1423 1311 1484 in
1338 1421 1441 1502 priore
1462 1423 1649 1502 pentametri
1672 1428 1758 1505 parto
1781 1441 1877 1505 uirus,
1906 1425 1938 1485 in
1960 1423 2056 1486 altera
2078 1424 2146 1500 tria,

373 1549 412 1612 ad
443 1549 659 1629 antiquiorum
686 1543 927 1608 similitudinem
955 1545 1061 1607 emnia
1087 1543 1138 1622 (A.
1162 1539 1196 1603 P.
1216 1539 1276 1601 Vll
1300 1541 1340 1602 23
1359 1539 1539 1625 χρίμπτεται
1561 1533 1733 1627 εὐφροσύνα,
1758 1541 1819 1606 VII
1844 1543 1903 1606 146
1927 1533 2056 1628 μόρομαι
2081 1533 2146 1616 ἑζο-

375 1667 458 1752 μένα,
491 1666 552 1729 Vll
576 1666 636 1727 467
660 1664 796 1726 λείπεται
817 1657 894 1749 ἄμμι
916 1654 1014 1745 κόνις).
1064 1661 1252 1726 Troehaicos
1283 1660 1388 1724 hiatus
1417 1680 1482 1722 non
1511 1663 1618 1726 minus
1646 1683 1704 1727 sex
1734 1664 1870 1728 editores
1900 1665 2066 1746 Antipatro
2097 1665 2145 1726 in·

374 1792 559 1867 iunxerunt,
589 1805 669 1869 qaros
697 1789 804 1848 tanimi
834 1803 945 1847 omnes
970 1788 1025 1847 aut
1052 1783 1124 1846 aliis
1155 1783 1257 1864 poetis
1287 1780 1465 1844 reddendos
1499 1786 1554 1846 ant
1574 1785 1796 1847 emendatione
1817 1783 1974 1847 tollendos
1997 1801 2070 1846 esse
2092 1783 2146 1846 dc·

375 1895 567 1972 monstrabo.
622 1906 738 1969 Aliena
771 1907 847 1968 sunt
879 1904 917 1969 ab
948 1904 1071 1968 Sidonii
1102 1913 1212 1985 poetae
1241 1901 1399 1984 elegantia
1428 1906 1564 1985 aptaque
1590 1900 1885 1967 Thessalonicensis
1918 1904 2049 1988 ingenio
2081 1906 2148 1986 epi-

378 2032 554 2114 grammata
576 2031 725 2111 quattuor
746 2030 784 2090 A.
807 2025 842 2089 P.
856 2025 918 2089 vu
942 2027 991 2089 30.
1012 2025 1083 2087 246.
1107 2023 1179 2086 303.
1206 2023 1266 2084 745
1288 2022 1339 2102 (ol'.
1360 2027 1527 2085 comment.
1552 2025 1584 2086 in
1606 2024 1757 2088 honorem
1777 2022 1832 2086 m.
1851 2021 1997 2088 Momma
2015 2045 2043 2107 p.
2062 2025 2147 2105 334),

380 2157 413 2214 nt
431 2152 564 2212 vitiosos
583 2149 687 2212 hiatus
707 2139 783 2227 (οὐδ’
802 2139 899 2219 Ἀίδης
915 2152 942 2208 ot
965 2149 1086 2232 ἔρωτας,
1106 2141 1210 2204 ’lacot
1232 2142 1279 2203 ἐπὶ
1300 2145 1491 2228 προμολῇσιν,
1510 2141 1585 2205 Ἰνοῖ
1604 2141 1808 2232 ἀνοικτίρμων,
1833 2144 1864 2204 αἴ
1882 2165 1932 2205 τοι
1947 2145 2060 2223 ἵκοντο)
2083 2163 2145 2206 non

376 2273 441 2334 iam
470 2287 628 2335 oraremus.
678 2267 866 2351 Corruptnm
899 2285 1029 2331 versum
1057 2268 1096 2328 A.
1121 2263 1155 2328 P.
1178 2262 1240 2326 vu
1265 2263 1325 2326 164
1353 2263 1392 2326 ad
1424 2266 1608 2328 correctoris
1638 2265 1734 2330 fidem
1760 2271 1844 2328 certa
1874 2265 1994 2328 ratione
2023 2264 2146 2327 restitui

381 2390 520 2454 Hermae
535 2389 599 2452 XV
612 2389 675 2452 462
690 2391 792 2471 (ἔλθοι
813 2379 839 2447 δ’
867 2385 1010 2468 ὀλβίοτην
1029 2405 1084 2469 pro
1107 2388 1195 2446 ἔλθοι
1216 2383 1246 2456 ἐς
1267 2379 1433 2463 hiulca-mh
1463 2385 1550 2466 item,
1572 2389 1607 2448 nt
1628 2387 1691 2450 iam
1707 2385 1871 2450 Iaeobsius
1887 2384 2059 2468 perspexit,
2082 2403 2148 2446 cor·

377 2517 469 2597 rupta
491 2516 540 2574 est
562 2511 653 2574 lectio
675 2513 713 2574 A.
738 2507 772 2571 P.
798 2508 843 2571 VI
865 2507 904 2570 47
929 2505 991 2569 εἷπε
1018 2499 1053 2568 δέ
1071 2499 1178 2590 ’.Χαῖρε
1201 2497 1261 2566 aa&
1283 2503 1332 2564 καὶ
1354 2494 1439 2571 τόνδ’
1463 2506 1522 2587 ἔχε·
1545 2494 1622 2589 χήρη
1645 2498 1706 2588 ἐγὼ
1729 2499 1785 2592 γὰρ
1807 2505 1954 2590 τέσσαρας
1984 2511 2023 2579 εἰς
2054 2505 2147 2566 ἐτέων

376 2630 520 2719 ἐρχομένη
543 2621 675 2703 δεκάδας
695 2627 825 2714 όιρνεῡμα
848 2623 890 2689 τό
911 2622 949 2688 eat
971 2619 1062 2714 δῶρα,
1086 2626 1141 2690 ubi
1164 2624 1329 2688 Iacobsius
1350 2625 1486 2687 coniecit
1512 2626 1563 2686 καί
1584 2616 1667 2694 τόνδ’
1692 2628 1743 2710 ἔχε
1765 2616 1884 2711 κερκίδ’·
1907 2620 1968 2712 ἐγὼ
1990 2647 2046 2711 γαρ
2069 2625 2147 2686 κτλ’.

281 2738 283 2744 ’
376 2755 519 2835 Apparet
545 2753 642 2834 igitur
671 2751 876 2831 Antipatrum
915 2747 1003 2810 hiatu
1033 2747 1187 2828 dactylico
1218 2747 1378 2810 rarissime
1407 2765 1501 2810 usum
1529 2765 1611 2826 esse,
1642 2747 1797 2810 trochaico
1830 2753 1936 2808 atatem
1967 2746 2061 2830 plane
2093 2745 2146 2809 ab·

376 2875 538 2936 stinnisse.
583 2870 655 2934 Non
687 2872 794 2933 minus
821 2888 934 2952 parcus
962 2870 1059 2933 huius
1085 2868 1233 2931 licentiae
1263 2863 1469 2928 Philodemus
1499 2870 1557 2946 est,
1589 2869 1643 2949 qui
1667 2870 1701 2930 in
1724 2867 1867 2930 bucolica
1889 2885 2023 2929 caesura
2046 2865 2144 2928 semel

376 2994 501 3076 scripsit
523 2995 617 3072 lint'ra
640 3012 687 3074 ep.
713 2989 790 3052 XIX
813 2991 842 3070 3)
864 2983 952 3057 aona
974 2983 1031 3074 γὰρ
1055 2988 1205 3072 ἐπείγεται
1232 2983 1298 3046 ἀντὶ
1318 2985 1456 3069 μελαίνης
1476 2976 1543 3070 θρὶξ
1564 2977 1632 3062 ἤδη,
1662 2989 1761 3052 semel
1781 2989 1813 3050 id
1837 2988 1942 3070 priore
1959 2987 2146 3069 pentametri

375 3121 463 3196 parte
488 3115 550 3195 (ep.
574 3111 650 3194 116)
673 3103 828 3196 βούλομαι,
851 3104 1053 3186 athanaildi,
1074 3109 1123 3173 bis
1146 3111 1178 3170 In
1199 3107 1296 3170 altera
1313 3109 1368 3191 πῦρ
1391 3095 1520 3191 τύφεται
1541 3098 1697 3193 ἐγκρόφιον
1711 3107 1772 3188 (VI
1787 3111 1818 3184 4)
1841 3113 1873 3171 et
1894 3100 2019 3192 ἄγγελοι
2033 3099 2148 3177 ἡλικίης

376 3233 436 3316 (XI
450 3237 491 3317 4).
519 3233 636 3297 Mirum
656 3232 806 3316 estquod
830 3251 893 3294 non
920 3232 1044 3315 scripsit
1066 3226 1111 3291 XI
1134 3229 1154 3289 6
1174 3220 1304 3314 τύφεται
1335 3229 1366 3289 ἐν
1386 3221 1490 3314 κραδίη
1522 3228 1578 3290 sed
1600 3217 1707 3312 τόφετ’
1730 3229 1769 3289 ἑνί
1789 3219 1903 3314 κραδίη,
1920 3225 2147 3312 quodquidam

377 3355 524 3418 traditum
540 3359 596 3417 est.
634 3353 816 3436 Adiungam
835 3352 974 3435 denique
991 3351 1040 3414 his
1062 3350 1286 3433 Apollonidam
1303 3349 1515 3431 Smyrnaeum
1537 3346 1714 3412 Philodami
1738 3347 1913 3431 aequalem,
1934 3349 1973 3413 de
1996 3369 2059 3432 quo
2080 3349 2147 3411 dixi

380 3477 460 3538 infra
482 3475 521 3538 ad
543 3495 592 3558 ep.
609 3471 658 3535 XI
674 3474 703 3534 4.
734 3473 813 3536 Eius
836 3475 1063 3556 epigrammata
1090 3490 1191 3534 unum
1218 3475 1249 3534 et
1269 3471 1398 3554 triginta
1423 3487 1556 3533 numero
1589 3471 1648 3532 elsi
1672 3469 1763 3532 ralde
1786 3469 1935 3532 differunt
1955 3471 2039 3531 inter
2060 3485 2095 3530 se
2118 3435 2149 3530 et

379 3597 576 3680 argumentis
596 3599 627 3658 et
640 3592 779 3657 bonitate
802 3594 877 3676 (alia
899 3596 984 3656 enim
1004 3593 1111 3655 natira
1134 3591 1270 3673 quadam
1293 3591 1493 3674 simplicitate
1516 3589 1696 3670 laudabilia,
1716 3590 1850 3652 aliorum
1872 3593 1904 3652 et
1926 3607 1977 3652 res
1999 3593 2031 3651 et
2053 3585 2149 3652 verba

379 3717 419 3779 de
442 3693 700 3780 triviiseolleeta
723 3714 843 3778 nullius
868 3719 943 3777 snut
965 3713 1088 3797 pretii),
1121 3717 1225 3776 tamen
1250 3729 1455 3774 numeroram
1480 3729 1695 3794 versuumque
1718 3727 1769 3773 ars
1794 3715 1927 3772 una'est
1944 3714 1976 3772 ct
1997 3708 2149 3792 aequalis,

378 3839 539 3902 rarissimo
569 3840 719 3900 comente
749 3837 835 3899 hiatu
864 3834 1029 3916 dactylico,
1057 3835 1212 3897 trochaico
1235 3832 1403 3917 diligenter
1423 3830 1543 3916 ubique
1566 3833 1691 3895 evitato.
1737 3829 1888 3913 Meleagri
1912 3847 1986 3892 enm
2011 3830 2149 3892 carmina
2235 3863 2237 3868 =

377 3959 495 4042 legisse
518 3977 583 4021 arno
614 3957 740 4020 addetur
770 3955 918 4038 exemplo
941 3955 1148 4017 demonstrari
1177 3971 1281 4036 posse.
1335 3953 1445 4016 Alcaei
1461 3951 1613 4016 Messenii
1636 3970 1764 4015 versum
1785 3951 1823 4014 de
1845 3949 1985 4014 Homero
2008 3947 2075 4013 Iota
2097 3951 2146 4029 (A.

380 4077 415 4140 P.
442 4077 498 4140 Vll
525 4080 553 4156 1)
583 4074 709 4158 όλβίστη
743 4067 838 4145 νόσων
871 4065 972 4154 πόντῳ
1000 4067 1064 4146 Ἴος
1096 4075 1236 4138 imitatus
1258 4079 1308 4136 est
1329 4070 1488 4158 Melea-ger
1514 4073 1553 4136 de
1576 4069 1743 4153 Tyriorum
1767 4071 1844 4135 urbe
1866 4072 1944 4136 haec
1967 4070 2078 4133 dicens
2098 4069 2147 4150 (A

379 4197 413 4265 P.
436 4197 501 4261 XII
523 4199 595 4277 256)
618 4195 743 4280 ὀλβίστη
778 4187 875 4266 νόσων
906 4189 968 4282 ἰερὰ
999 4185 1094 4280 Τόρος
1126 4193 1303 4278 eademque
1326 4193 1366 4256 de
1390 4192 1524 4255 Ceerum
1556 4189 1632 4273 (XII
1664 4189 1716 4272 56)
1751 4187 1876 4270 όλβίστη
1909 4187 2061 4274 Μεροπων
2090 4182 2150 4273 ἱερὰ

378 4309 480 4395 πόλις,
511 4323 679 4401 ntrunique
706 4323 835 4400 proptor
855 4317 1037 4399 pulcrornm
1061 4335 1232 4400 puerorum
1256 4316 1391 4396 copiam.
1444 4295 1651 4394 Apollonides
1673 4314 1782 4376 antem
1804 4311 1879 4374 dnm
1903 4309 2043 4374 Ieonem
2066 4309 2149 4373 Rho·

379 4438 466 4502 dium
489 4436 594 4502 Paridi
616 4443 647 4501 et
677 4433 856 4519 ¹Ganymedi
885 4437 1098 4520 pulcritudine
1130 4434 1377 4518 comparandum
1412 4431 1571 4514 praedicat
1592 4431 1754 4516 respondit
1783 4430 1942 4514 Meleagro
1974 4430 2150 4514 eademqne

378 4560 472 4624 laudo
495 4563 589 4624 etiam
612 4557 808 4623 Rhodiorum
832 4559 968 4621 insulam
992 4557 1120 4640 dignam
1143 4574 1216 4618 esse
1237 4555 1281 4616 ait
1303 4553 1352 4614 his
1368 4539 1666 4634 ιὀιίιίεμακαρτάτη
1690 4547 1748 4610 ἐστ’
1776 4543 1832 4636 ἄρα
1852 4539 1950 4617 νήσων
1972 4548 2023 4608 καὶ
2041 4539 2150 4620 Ῥόδος

378 4679 468 4764 (XVI
489 4683 556 4761 tel:
581 4682 626 4743 sic
649 4681 778 4744 domum
803 4679 852 4741 καί
873 4678 1026 4762 particula
1044 4679 1176 4741 molesta
1197 4677 1272 4738 olim
1293 4673 1362 4736 visa
1383 4666 1527 4734 Iacobsio
1547 4676 1632 4734 recte
1653 4670 1794 4754 intellegi
1816 4671 1939 4752 poterit.
1974 4667 2085 4752 Itaque
2108 4667 2146 4730 ab

378 4802 537 4886 Meleagro
560 4804 654 4864 otiam
678 4821 830 4865 versuum
855 4806 952 4864 artem
973 4799 1122 4862 didicisse
1145 4797 1273 4861 videtur
1294 4789 1513 4876 Apollonides.
