<?xml version="1.0" encoding="UTF-8"?>
<!DOCTYPE html PUBLIC "-//W3C//DTD XHTML 1.0 Transitional//EN"
    "http://www.w3.org/TR/xhtml1/DTD/xhtml1-transitional.dtd">
<html xmlns="http://www.w3.org/1999/xhtml" xml:lang="en" lang="en">
 <head>
  <title>
</title>
<meta http-equiv="Content-Type" content="text/html;charset=utf-8" />
  <meta name='ocr-system' content='tesseract 3.04.00' />
  <meta name='ocr-capabilities' content='ocr_page ocr_carea ocr_par ocr_line ocrx_word'/>
</head>
<body>
  <div class='ocr_page' id='page_1' title='image "./philodemigadare00kaibgoog_0026.png"; bbox 0 0 4648 6066; ppageno 0'>
   <div class='ocr_carea' id='block_1_1' title="bbox 927 419 1221 493">
    <p class='ocr_par' dir='ltr' id='par_1_1' title="bbox 927 419 1221 493">
     <span class='ocr_line' id='line_1_1' title="bbox 927 419 1221 493; baseline 0 -1"><span class='ocrx_word' id='word_1_1' title='bbox 927 419 1221 493; x_wconf 80' lang='grc' dir='ltr'>-ΧΙΧ-</span> 
     </span>
    </p>
   </div>
   <div class='ocr_carea' id='block_1_2' title="bbox 185 623 1963 1072">
    <p class='ocr_par' dir='ltr' id='par_1_2' title="bbox 185 623 1963 1072">
     <span class='ocr_line' id='line_1_2' title="bbox 185 623 1963 717; baseline -0.001 -28"><span class='ocrx_word' id='word_1_2' title='bbox 185 625 304 691; x_wconf 84' lang='lat' dir='ltr'>bitzins</span> <span class='ocrx_word' id='word_1_3' title='bbox 333 631 481 694; x_wconf 88' lang='lat' dir='ltr'>insanam</span> <span class='ocrx_word' id='word_1_4' title='bbox 504 631 648 694; x_wconf 88' lang='lat' dir='ltr'>codicum</span> <span class='ocrx_word' id='word_1_5' title='bbox 671 630 836 694; x_wconf 88' lang='lat' dir='ltr'>lectionem</span> <span class='ocrx_word' id='word_1_6' title='bbox 863 623 1039 715; x_wconf 76' lang='grc' dir='ltr'>ἀποδέσμῳ)</span> <span class='ocrx_word' id='word_1_7' title='bbox 1061 623 1258 717; x_wconf 84' lang='grc' dir='ltr'>παρεβύσατο.</span> <span class='ocrx_word' id='word_1_8' title='bbox 1302 629 1345 692; x_wconf 83' lang='lat' dir='ltr'>Cf.</span> <span class='ocrx_word' id='word_1_9' title='bbox 1370 631 1463 692; x_wconf 88' lang='lat' dir='ltr'>otiam</span> <span class='ocrx_word' id='word_1_10' title='bbox 1487 632 1668 711; x_wconf 88' lang='lat' dir='ltr'>corruptum</span> <span class='ocrx_word' id='word_1_11' title='bbox 1691 625 1874 690; x_wconf 76' lang='lat' dir='ltr'>Callimachi</span> <span class='ocrx_word' id='word_1_12' title='bbox 1897 627 1963 708; x_wconf 90' lang='lat' dir='ltr'>opi-</span> 
     </span>
     <span class='ocr_line' id='line_1_3' title="bbox 185 737 1958 832; baseline -0.002 -23"><span class='ocrx_word' id='word_1_13' title='bbox 185 767 330 829; x_wconf 85' lang='lat' dir='ltr'>gramma</span> <span class='ocrx_word' id='word_1_14' title='bbox 353 750 393 811; x_wconf 81' lang='lat'>38</span> <span class='ocrx_word' id='word_1_15' title='bbox 415 748 463 812; x_wconf 92' lang='lat' dir='ltr'>ed.</span> <span class='ocrx_word' id='word_1_16' title='bbox 488 748 561 811; x_wconf 90' lang='lat' dir='ltr'>Wil.</span> <span class='ocrx_word' id='word_1_17' title='bbox 585 785 626 796; x_wconf 90' lang='lat'>—-</span> <span class='ocrx_word' id='word_1_18' title='bbox 649 749 667 811; x_wconf 88' lang='lat'><strong>6</strong></span> <span class='ocrx_word' id='word_1_19' title='bbox 690 740 789 810; x_wconf 84' lang='grc' dir='ltr'>πάσαν</span> <span class='ocrx_word' id='word_1_20' title='bbox 812 751 856 809; x_wconf 80' lang='grc' dir='ltr'>ἔτι</span> <span class='ocrx_word' id='word_1_21' title='bbox 874 740 978 822; x_wconf 78' lang='grc' dir='ltr'>στάζει</span> <span class='ocrx_word' id='word_1_22' title='bbox 999 751 1111 830; x_wconf 73' lang='lat' dir='ltr'>codar,</span> <span class='ocrx_word' id='word_1_23' title='bbox 1133 752 1226 814; x_wconf 80' lang='lat' dir='ltr'>cirins</span> <span class='ocrx_word' id='word_1_24' title='bbox 1249 753 1281 813; x_wconf 94' lang='lat' dir='ltr'>in</span> <span class='ocrx_word' id='word_1_25' title='bbox 1305 750 1447 831; x_wconf 82' lang='lat' dir='ltr'>margine</span> <span class='ocrx_word' id='word_1_26' title='bbox 1470 770 1514 832; x_wconf 94' lang='grc' dir='ltr'>γρ.</span> <span class='ocrx_word' id='word_1_27' title='bbox 1537 737 1701 820; x_wconf 76' lang='grc' dir='ltr'>ἀποστάζει</span> <span class='ocrx_word' id='word_1_28' title='bbox 1724 747 1873 827; x_wconf 79' lang='lat' dir='ltr'>scripturn</span> <span class='ocrx_word' id='word_1_29' title='bbox 1897 748 1958 822; x_wconf 87' lang='lat' dir='ltr'>ost;</span> 
     </span>
     <span class='ocr_line' id='line_1_4' title="bbox 186 860 1956 954; baseline 0.001 -28"><span class='ocrx_word' id='word_1_30' title='bbox 186 869 286 939; x_wconf 81' lang='grc' dir='ltr'>πᾶσας</span> <span class='ocrx_word' id='word_1_31' title='bbox 308 860 460 942; x_wconf 81' lang='grc' dir='ltr'>ίπιστάζει</span> <span class='ocrx_word' id='word_1_32' title='bbox 482 868 571 932; x_wconf 84' lang='lat' dir='ltr'>Plan.</span> <span class='ocrx_word' id='word_1_33' title='bbox 618 869 792 932; x_wconf 81' lang='lat' dir='ltr'>Concotod</span> <span class='ocrx_word' id='word_1_34' title='bbox 815 867 959 932; x_wconf 87' lang='lat' dir='ltr'>Palatino</span> <span class='ocrx_word' id='word_1_35' title='bbox 979 873 1089 954; x_wconf 89' lang='lat' dir='ltr'>utique</span> <span class='ocrx_word' id='word_1_36' title='bbox 1111 870 1286 954; x_wconf 89' lang='lat' dir='ltr'>parendum</span> <span class='ocrx_word' id='word_1_37' title='bbox 1311 873 1369 946; x_wconf 79' lang='lat' dir='ltr'>ost,</span> <span class='ocrx_word' id='word_1_38' title='bbox 1392 871 1584 930; x_wconf 88' lang='lat' dir='ltr'>nontamen</span> <span class='ocrx_word' id='word_1_39' title='bbox 1607 869 1651 928; x_wconf 86' lang='lat' dir='ltr'>ita</span> <span class='ocrx_word' id='word_1_40' title='bbox 1666 869 1788 928; x_wconf 88' lang='lat' dir='ltr'>uteum</span> <span class='ocrx_word' id='word_1_41' title='bbox 1804 862 1956 927; x_wconf 85' lang='lat' dir='ltr'>Passovio</span> 
     </span>
     <span class='ocr_line' id='line_1_5' title="bbox 186 969 1958 1072; baseline -0.002 -26"><span class='ocrx_word' id='word_1_42' title='bbox 186 989 233 1046; x_wconf 76' lang='grc' dir='ltr'>ἔτι</span> <span class='ocrx_word' id='word_1_43' title='bbox 253 981 352 1048; x_wconf 82' lang='grc' dir='ltr'>πειθὼ</span> <span class='ocrx_word' id='word_1_44' title='bbox 374 993 474 1050; x_wconf 83' lang='grc' dir='ltr'>πᾶσαν</span> <span class='ocrx_word' id='word_1_45' title='bbox 496 981 661 1063; x_wconf 79' lang='grc' dir='ltr'>ἀποστάζει</span> <span class='ocrx_word' id='word_1_46' title='bbox 684 986 871 1068; x_wconf 80' lang='lat' dir='ltr'>scribamus,</span> <span class='ocrx_word' id='word_1_47' title='bbox 899 1010 962 1072; x_wconf 92' lang='lat' dir='ltr'>qua</span> <span class='ocrx_word' id='word_1_48' title='bbox 988 983 1111 1052; x_wconf 87' lang='lat' dir='ltr'>ratidne</span> <span class='ocrx_word' id='word_1_49' title='bbox 1140 1007 1199 1050; x_wconf 90' lang='lat' dir='ltr'>neo</span> <span class='ocrx_word' id='word_1_50' title='bbox 1220 992 1278 1061; x_wconf 82' lang='grc' dir='ltr'>πᾶς</span> <span class='ocrx_word' id='word_1_51' title='bbox 1309 987 1503 1051; x_wconf 74' lang='lat' dir='ltr'>adiectisum</span> <span class='ocrx_word' id='word_1_52' title='bbox 1526 1005 1618 1049; x_wconf 89' lang='lat' dir='ltr'>snam</span> <span class='ocrx_word' id='word_1_53' title='bbox 1641 984 1702 1048; x_wconf 89' lang='lat' dir='ltr'>sibi</span> <span class='ocrx_word' id='word_1_54' title='bbox 1724 969 1790 1046; x_wconf 88' lang='lat' dir='ltr'>vim</span> <span class='ocrx_word' id='word_1_55' title='bbox 1812 981 1906 1044; x_wconf 91' lang='lat' dir='ltr'>hahet</span> <span class='ocrx_word' id='word_1_56' title='bbox 1928 987 1958 1044; x_wconf 93' lang='lat' dir='ltr'>ot</span> 
     </span>
    </p>
   </div>
   <div class='ocr_carea' id='block_1_3' title="bbox 88 1098 1957 1672">
    <p class='ocr_par' dir='ltr' id='par_1_3' title="bbox 88 1098 1957 1672">
     <span class='ocr_line' id='line_1_6' title="bbox 88 1098 1957 1194; baseline -0.001 -27"><span class='ocrx_word' id='word_1_57' title='bbox 88 1098 92 1103; x_wconf 56' lang='grc'><em>“</em></span> <span class='ocrx_word' id='word_1_58' title='bbox 185 1106 301 1168; x_wconf 89' lang='lat' dir='ltr'>misere</span> <span class='ocrx_word' id='word_1_59' title='bbox 323 1107 479 1172; x_wconf 81' lang='lat' dir='ltr'>claudicat</span> <span class='ocrx_word' id='word_1_60' title='bbox 500 1111 628 1173; x_wconf 87' lang='lat' dir='ltr'>tertium</span> <span class='ocrx_word' id='word_1_61' title='bbox 650 1107 830 1171; x_wconf 89' lang='lat' dir='ltr'>membrum</span> <span class='ocrx_word' id='word_1_62' title='bbox 854 1099 996 1194; x_wconf 84' lang='grc' dir='ltr'>μυριάδας</span> <span class='ocrx_word' id='word_1_63' title='bbox 1016 1107 1155 1193; x_wconf 86' lang='grc' dir='ltr'>χαρίτων.</span> <span class='ocrx_word' id='word_1_64' title='bbox 1187 1105 1299 1189; x_wconf 84' lang='lat' dir='ltr'>ltaque</span> <span class='ocrx_word' id='word_1_65' title='bbox 1322 1107 1426 1191; x_wconf 88' lang='lat' dir='ltr'>paullo</span> <span class='ocrx_word' id='word_1_66' title='bbox 1445 1106 1535 1169; x_wconf 87' lang='lat' dir='ltr'>aliter</span> <span class='ocrx_word' id='word_1_67' title='bbox 1550 1105 1680 1183; x_wconf 78' lang='lat' dir='ltr'>correxi,</span> <span class='ocrx_word' id='word_1_68' title='bbox 1704 1105 1738 1165; x_wconf 92' lang='lat' dir='ltr'>ut</span> <span class='ocrx_word' id='word_1_69' title='bbox 1760 1107 1791 1164; x_wconf 91' lang='lat' dir='ltr'>et</span> <span class='ocrx_word' id='word_1_70' title='bbox 1812 1106 1871 1174; x_wconf 85' lang='grc' dir='ltr'>πᾶς</span> <span class='ocrx_word' id='word_1_71' title='bbox 1893 1102 1957 1165; x_wconf 90' lang='lat' dir='ltr'>ele·</span> 
     </span>
     <span class='ocr_line' id='line_1_7' title="bbox 184 1218 1956 1314; baseline -0.001 -28"><span class='ocrx_word' id='word_1_72' title='bbox 184 1231 301 1307; x_wconf 78' lang='lat' dir='ltr'>genter</span> <span class='ocrx_word' id='word_1_73' title='bbox 326 1229 418 1291; x_wconf 91' lang='lat' dir='ltr'>tertio</span> <span class='ocrx_word' id='word_1_74' title='bbox 446 1231 478 1290; x_wconf 96' lang='lat' dir='ltr'>in</span> <span class='ocrx_word' id='word_1_75' title='bbox 509 1228 650 1292; x_wconf 85' lang='lat' dir='ltr'>membro</span> <span class='ocrx_word' id='word_1_76' title='bbox 677 1228 817 1311; x_wconf 89' lang='lat' dir='ltr'>positum</span> <span class='ocrx_word' id='word_1_77' title='bbox 845 1228 874 1288; x_wconf 87' lang='lat' dir='ltr'>ei</span> <span class='ocrx_word' id='word_1_78' title='bbox 902 1229 954 1288; x_wconf 91' lang='lat' dir='ltr'>oni</span> <span class='ocrx_word' id='word_1_79' title='bbox 978 1227 1112 1292; x_wconf 89' lang='lat' dir='ltr'>debebat</span> <span class='ocrx_word' id='word_1_80' title='bbox 1138 1226 1337 1293; x_wconf 88' lang='lat' dir='ltr'>substantivo</span> <span class='ocrx_word' id='word_1_81' title='bbox 1368 1218 1448 1314; x_wconf 78' lang='grc' dir='ltr'>χρώς</span> <span class='ocrx_word' id='word_1_82' title='bbox 1474 1225 1657 1290; x_wconf 76' lang='lat' dir='ltr'><strong>redderetur</strong></span> <span class='ocrx_word' id='word_1_83' title='bbox 1683 1224 1715 1283; x_wconf 91' lang='lat' dir='ltr'>ot</span> <span class='ocrx_word' id='word_1_84' title='bbox 1736 1223 1781 1281; x_wconf 81' lang='grc' dir='ltr'>ἔτι</span> <span class='ocrx_word' id='word_1_85' title='bbox 1802 1221 1956 1302; x_wconf 87' lang='lat' dir='ltr'>particula</span> 
     </span>
     <span class='ocr_line' id='line_1_8' title="bbox 183 1341 1953 1428; baseline 0 -24"><span class='ocrx_word' id='word_1_86' title='bbox 183 1343 281 1424; x_wconf 89' lang='lat' dir='ltr'>plane</span> <span class='ocrx_word' id='word_1_87' title='bbox 310 1349 490 1410; x_wconf 80' lang='lat' dir='ltr'>necessaria</span> <span class='ocrx_word' id='word_1_88' title='bbox 514 1353 694 1412; x_wconf 85' lang='lat' dir='ltr'>servaretur</span> <span class='ocrx_word' id='word_1_89' title='bbox 721 1346 881 1428; x_wconf 85' lang='lat' dir='ltr'>simulque</span> <span class='ocrx_word' id='word_1_90' title='bbox 909 1365 951 1408; x_wconf 84' lang='lat' dir='ltr'>ex</span> <span class='ocrx_word' id='word_1_91' title='bbox 978 1349 1162 1410; x_wconf 87' lang='lat' dir='ltr'>correctoris</span> <span class='ocrx_word' id='word_1_92' title='bbox 1184 1347 1246 1411; x_wconf 92' lang='lat' dir='ltr'>fido</span> <span class='ocrx_word' id='word_1_93' title='bbox 1267 1347 1398 1411; x_wconf 80' lang='lat' dir='ltr'>verbnm</span> <span class='ocrx_word' id='word_1_94' title='bbox 1422 1345 1598 1410; x_wconf 86' lang='lat' dir='ltr'>sententiae</span> <span class='ocrx_word' id='word_1_95' title='bbox 1620 1341 1784 1424; x_wconf 87' lang='lat' dir='ltr'>proprium</span> <span class='ocrx_word' id='word_1_96' title='bbox 1806 1341 1953 1404; x_wconf 89' lang='lat' dir='ltr'>restitue-</span> 
     </span>
     <span class='ocr_line' id='line_1_9' title="bbox 184 1457 1952 1552; baseline -0.001 -28"><span class='ocrx_word' id='word_1_97' title='bbox 184 1467 282 1543; x_wconf 83' lang='lat' dir='ltr'>retur,</span> <span class='ocrx_word' id='word_1_98' title='bbox 309 1465 345 1526; x_wconf 84' lang='lat' dir='ltr'>ci.</span> <span class='ocrx_word' id='word_1_99' title='bbox 375 1463 468 1530; x_wconf 88' lang='lat' dir='ltr'>Pind.</span> <span class='ocrx_word' id='word_1_100' title='bbox 492 1467 599 1530; x_wconf 89' lang='lat' dir='ltr'>lsthm.</span> <span class='ocrx_word' id='word_1_101' title='bbox 624 1465 671 1529; x_wconf 88' lang='grc' dir='ltr'>ΙΙΙ</span> <span class='ocrx_word' id='word_1_102' title='bbox 690 1473 768 1529; x_wconf 84' lang='lat' dir='ltr'>extr.</span> <span class='ocrx_word' id='word_1_103' title='bbox 796 1459 922 1548; x_wconf 81' lang='grc' dir='ltr'>τερπνὰν</span> <span class='ocrx_word' id='word_1_104' title='bbox 948 1458 1129 1540; x_wconf 73' lang='grc' dir='ltr'>ἀποστάζειν</span> <span class='ocrx_word' id='word_1_105' title='bbox 1154 1458 1238 1552; x_wconf 82' lang='grc' dir='ltr'>χάριν</span> <span class='ocrx_word' id='word_1_106' title='bbox 1264 1473 1295 1530; x_wconf 90' lang='lat' dir='ltr'>et</span> <span class='ocrx_word' id='word_1_107' title='bbox 1326 1470 1395 1550; x_wconf 89' lang='lat' dir='ltr'>ipse</span> <span class='ocrx_word' id='word_1_108' title='bbox 1417 1465 1622 1529; x_wconf 76' lang='lat' dir='ltr'>Philodemus</span> <span class='ocrx_word' id='word_1_109' title='bbox 1649 1479 1731 1525; x_wconf 90' lang='lat' dir='ltr'>mus.</span> <span class='ocrx_word' id='word_1_110' title='bbox 1756 1457 1769 1519; x_wconf 95' lang='lat' dir='ltr'>I</span> <span class='ocrx_word' id='word_1_111' title='bbox 1799 1460 1834 1520; x_wconf 88' lang='lat' dir='ltr'>fr.</span> <span class='ocrx_word' id='word_1_112' title='bbox 1859 1459 1899 1522; x_wconf 85' lang='lat' dir='ltr'>oe</span> <span class='ocrx_word' id='word_1_113' title='bbox 1922 1480 1952 1542; x_wconf 90' lang='lat' dir='ltr'>p.</span> 
     </span>
     <span class='ocr_line' id='line_1_10' title="bbox 183 1569 1951 1672; baseline -0.001 -30"><span class='ocrx_word' id='word_1_114' title='bbox 183 1581 228 1643; x_wconf 83' lang='lat'>49</span> <span class='ocrx_word' id='word_1_115' title='bbox 250 1581 297 1644; x_wconf 88' lang='lat' dir='ltr'>ed.</span> <span class='ocrx_word' id='word_1_116' title='bbox 320 1583 358 1646; x_wconf 90' lang='lat' dir='ltr'>K.</span> <span class='ocrx_word' id='word_1_117' title='bbox 386 1576 437 1646; x_wconf 88' lang='grc' dir='ltr'>διά</span> <span class='ocrx_word' id='word_1_118' title='bbox 464 1578 498 1647; x_wconf 84' lang='grc' dir='ltr'>δὲ</span> <span class='ocrx_word' id='word_1_119' title='bbox 526 1585 630 1672; x_wconf 82' lang='grc' dir='ltr'>μ[έλος</span> <span class='ocrx_word' id='word_1_120' title='bbox 662 1579 750 1670; x_wconf 70' lang='lat' dir='ltr'>adalh</span> <span class='ocrx_word' id='word_1_121' title='bbox 774 1583 824 1644; x_wconf 87' lang='grc' dir='ltr'>καὶ</span> <span class='ocrx_word' id='word_1_122' title='bbox 849 1573 1027 1666; x_wconf 71' lang='grc' dir='ltr'>γλυκύτητα</span> <span class='ocrx_word' id='word_1_123' title='bbox 1057 1595 1120 1659; x_wconf 81' lang='grc' dir='ltr'>τοῖς</span> <span class='ocrx_word' id='word_1_124' title='bbox 1148 1583 1254 1670; x_wconf 84' lang='grc' dir='ltr'>Ιόλο]ις</span> <span class='ocrx_word' id='word_1_125' title='bbox 1275 1579 1362 1648; x_wconf 79' lang='grc' dir='ltr'>οὐδὲν</span> <span class='ocrx_word' id='word_1_126' title='bbox 1388 1577 1610 1658; x_wconf 77' lang='grc' dir='ltr'>ἀποστάζοντες</span> <span class='ocrx_word' id='word_1_127' title='bbox 1623 1585 1686 1641; x_wconf 79' lang='grc' dir='ltr'>τῶν</span> <span class='ocrx_word' id='word_1_128' title='bbox 1708 1569 1863 1656; x_wconf 76' lang='grc' dir='ltr'>τοιούτων,</span> <span class='ocrx_word' id='word_1_129' title='bbox 1892 1580 1951 1642; x_wconf 85' lang='lat' dir='ltr'>etsi</span> 
     </span>
    </p>
   </div>
   <div class='ocr_carea' id='block_1_4' title="bbox 178 1688 1952 2386">
    <p class='ocr_par' dir='ltr' id='par_1_4' title="bbox 178 1688 1952 2386">
     <span class='ocr_line' id='line_1_11' title="bbox 182 1688 1952 1791; baseline 0.006 -30"><span class='ocrx_word' id='word_1_130' title='bbox 182 1699 298 1764; x_wconf 89' lang='lat' dir='ltr'>horum</span> <span class='ocrx_word' id='word_1_131' title='bbox 325 1703 496 1768; x_wconf 88' lang='lat' dir='ltr'>verborum</span> <span class='ocrx_word' id='word_1_132' title='bbox 523 1725 586 1768; x_wconf 94' lang='lat' dir='ltr'>non</span> <span class='ocrx_word' id='word_1_133' title='bbox 615 1709 699 1768; x_wconf 87' lang='lat' dir='ltr'>corta</span> <span class='ocrx_word' id='word_1_134' title='bbox 728 1708 777 1766; x_wconf 90' lang='lat' dir='ltr'>cst</span> <span class='ocrx_word' id='word_1_135' title='bbox 803 1704 895 1766; x_wconf 90' lang='lat' dir='ltr'>lectio</span> <span class='ocrx_word' id='word_1_136' title='bbox 931 1743 968 1752; x_wconf 91' lang='lat'>—</span> <span class='ocrx_word' id='word_1_137' title='bbox 999 1706 1015 1769; x_wconf 80' lang='lat' dir='ltr'>l</span> <span class='ocrx_word' id='word_1_138' title='bbox 1044 1703 1164 1790; x_wconf 68' lang='grc' dir='ltr'>ρλέγετ</span> <span class='ocrx_word' id='word_1_139' title='bbox 1197 1705 1318 1791; x_wconf 71' lang='grc' dir='ltr'>ἐρασταί</span> <span class='ocrx_word' id='word_1_140' title='bbox 1339 1726 1416 1770; x_wconf 88' lang='lat' dir='ltr'>corr.</span> <span class='ocrx_word' id='word_1_141' title='bbox 1444 1705 1619 1770; x_wconf 85' lang='lat' dir='ltr'>Salmasius</span> <span class='ocrx_word' id='word_1_142' title='bbox 1651 1737 1677 1746; x_wconf 79' lang='lat'>-</span> <span class='ocrx_word' id='word_1_143' title='bbox 1706 1699 1801 1771; x_wconf 63' lang='lat' dir='ltr'>eata</span> <span class='ocrx_word' id='word_1_144' title='bbox 1824 1688 1952 1770; x_wconf 67' lang='grc' dir='ltr'>δεκάδος</span> 
     </span>
     <span class='ocr_line' id='line_1_12' title="bbox 181 1815 1949 1906; baseline -0.003 -24"><span class='ocrx_word' id='word_1_145' title='bbox 181 1822 203 1882; x_wconf 93' lang='lat' dir='ltr'>i.</span> <span class='ocrx_word' id='word_1_146' title='bbox 229 1837 255 1882; x_wconf 87' lang='lat' dir='ltr'>o.</span> <span class='ocrx_word' id='word_1_147' title='bbox 279 1823 351 1885; x_wconf 87' lang='lat' dir='ltr'>eins</span> <span class='ocrx_word' id='word_1_148' title='bbox 375 1843 456 1906; x_wconf 87' lang='lat' dir='ltr'>quae</span> <span class='ocrx_word' id='word_1_149' title='bbox 478 1845 507 1888; x_wconf 84' lang='lat' dir='ltr'>v.</span> <span class='ocrx_word' id='word_1_150' title='bbox 534 1826 549 1887; x_wconf 95' lang='lat' dir='ltr'>l</span> <span class='ocrx_word' id='word_1_151' title='bbox 574 1826 773 1887; x_wconf 86' lang='lat' dir='ltr'>memoratur.</span> <span class='ocrx_word' id='word_1_152' title='bbox 819 1821 971 1888; x_wconf 79' lang='lat' dir='ltr'>Similiter</span> <span class='ocrx_word' id='word_1_153' title='bbox 992 1826 1052 1889; x_wconf 89' lang='lat' dir='ltr'>hoc</span> <span class='ocrx_word' id='word_1_154' title='bbox 1069 1826 1200 1888; x_wconf 87' lang='lat' dir='ltr'>nomine</span> <span class='ocrx_word' id='word_1_155' title='bbox 1223 1845 1302 1891; x_wconf 88' lang='lat' dir='ltr'>usus</span> <span class='ocrx_word' id='word_1_156' title='bbox 1326 1832 1393 1891; x_wconf 85' lang='lat' dir='ltr'>erat</span> <span class='ocrx_word' id='word_1_157' title='bbox 1414 1823 1623 1890; x_wconf 78' lang='lat' dir='ltr'>Callimachus</span> <span class='ocrx_word' id='word_1_158' title='bbox 1645 1821 1680 1882; x_wconf 89' lang='lat' dir='ltr'>fr.</span> <span class='ocrx_word' id='word_1_159' title='bbox 1704 1820 1766 1880; x_wconf 87' lang='grc'>489</span> <span class='ocrx_word' id='word_1_160' title='bbox 1788 1826 1856 1891; x_wconf 84' lang='grc' dir='ltr'>παῖς</span> <span class='ocrx_word' id='word_1_161' title='bbox 1877 1815 1949 1877; x_wconf 83' lang='grc' dir='ltr'>ἅτε·</span> 
     </span>
     <span class='ocr_line' id='line_1_13' title="bbox 179 1933 1949 2030; baseline -0.002 -28"><span class='ocrx_word' id='word_1_162' title='bbox 179 1933 299 2002; x_wconf 82' lang='grc' dir='ltr'>τῶνδ’</span> <span class='ocrx_word' id='word_1_163' title='bbox 331 1941 424 2004; x_wconf 77' lang='grc' dir='ltr'>ἐτέων</span> <span class='ocrx_word' id='word_1_164' title='bbox 463 1937 482 2011; x_wconf 74' lang='grc' dir='ltr'>ί.</span> <span class='ocrx_word' id='word_1_165' title='bbox 521 1935 611 2015; x_wconf 80' lang='grc' dir='ltr'>δεκὰς</span> <span class='ocrx_word' id='word_1_166' title='bbox 638 1939 692 2004; x_wconf 80' lang='grc' dir='ltr'>οὐκ</span> <span class='ocrx_word' id='word_1_167' title='bbox 723 1939 823 2027; x_wconf 83' lang='grc' dir='ltr'>ὀλίγη,</span> <span class='ocrx_word' id='word_1_168' title='bbox 857 1944 912 2007; x_wconf 90' lang='lat' dir='ltr'>ubi</span> <span class='ocrx_word' id='word_1_169' title='bbox 948 1947 1033 2028; x_wconf 87' lang='lat' dir='ltr'>quod</span> <span class='ocrx_word' id='word_1_170' title='bbox 1066 1943 1278 2010; x_wconf 81' lang='lat' dir='ltr'>Schneidcrus</span> <span class='ocrx_word' id='word_1_171' title='bbox 1308 1945 1555 2030; x_wconf 87' lang='lat' dir='ltr'>Hephaestionis</span> <span class='ocrx_word' id='word_1_172' title='bbox 1585 1937 1747 2004; x_wconf 84' lang='lat' dir='ltr'>codicibus</span> <span class='ocrx_word' id='word_1_173' title='bbox 1777 1935 1949 1999; x_wconf 88' lang='lat' dir='ltr'>obsecutus</span> 
     </span>
     <span class='ocr_line' id='line_1_14' title="bbox 180 2055 1947 2146; baseline -0.003 -25"><span class='ocrx_word' id='word_1_174' title='bbox 180 2061 313 2122; x_wconf 78' lang='grc' dir='ltr'>παίσατε</span> <span class='ocrx_word' id='word_1_175' title='bbox 336 2062 472 2146; x_wconf 82' lang='lat' dir='ltr'>scripsit,</span> <span class='ocrx_word' id='word_1_176' title='bbox 495 2081 687 2146; x_wconf 89' lang='lat' dir='ltr'>quamquam</span> <span class='ocrx_word' id='word_1_177' title='bbox 712 2060 910 2128; x_wconf 86' lang='lat' dir='ltr'>Gaisiordius</span> <span class='ocrx_word' id='word_1_178' title='bbox 928 2068 992 2130; x_wconf 90' lang='lat' dir='ltr'>iam</span> <span class='ocrx_word' id='word_1_179' title='bbox 1014 2085 1127 2131; x_wconf 76' lang='lat' dir='ltr'>venam</span> <span class='ocrx_word' id='word_1_180' title='bbox 1149 2066 1286 2144; x_wconf 85' lang='lat' dir='ltr'>dederat,</span> <span class='ocrx_word' id='word_1_181' title='bbox 1305 2087 1370 2132; x_wconf 95' lang='lat' dir='ltr'>non</span> <span class='ocrx_word' id='word_1_182' title='bbox 1393 2065 1518 2128; x_wconf 89' lang='lat' dir='ltr'>videtur</span> <span class='ocrx_word' id='word_1_183' title='bbox 1539 2083 1613 2126; x_wconf 89' lang='lat' dir='ltr'>eum</span> <span class='ocrx_word' id='word_1_184' title='bbox 1635 2079 1711 2123; x_wconf 86' lang='lat' dir='ltr'>cura</span> <span class='ocrx_word' id='word_1_185' title='bbox 1731 2055 1849 2138; x_wconf 84' lang='lat' dir='ltr'>legisse</span> <span class='ocrx_word' id='word_1_186' title='bbox 1866 2073 1947 2136; x_wconf 89' lang='lat' dir='ltr'>quac</span> 
     </span>
     <span class='ocr_line' id='line_1_15' title="bbox 178 2175 1948 2269; baseline -0.003 -28"><span class='ocrx_word' id='word_1_187' title='bbox 178 2177 343 2244; x_wconf 88' lang='lat' dir='ltr'>Diltheius</span> <span class='ocrx_word' id='word_1_188' title='bbox 370 2183 522 2265; x_wconf 85' lang='lat' dir='ltr'>exposuit</span> <span class='ocrx_word' id='word_1_189' title='bbox 547 2180 681 2264; x_wconf 77' lang='lat' dir='ltr'>Cydipp.</span> <span class='ocrx_word' id='word_1_190' title='bbox 706 2201 737 2264; x_wconf 90' lang='lat' dir='ltr'>p.</span> <span class='ocrx_word' id='word_1_191' title='bbox 770 2182 827 2244; x_wconf 89' lang='lat'>101</span> <span class='ocrx_word' id='word_1_192' title='bbox 856 2184 927 2246; x_wconf 88' lang='lat' dir='ltr'>adn.</span> <span class='ocrx_word' id='word_1_193' title='bbox 958 2187 1114 2269; x_wconf 79' lang='lat' dir='ltr'>Apertum</span> <span class='ocrx_word' id='word_1_194' title='bbox 1146 2189 1232 2250; x_wconf 91' lang='lat' dir='ltr'>enim</span> <span class='ocrx_word' id='word_1_195' title='bbox 1260 2191 1308 2252; x_wconf 89' lang='lat' dir='ltr'>est</span> <span class='ocrx_word' id='word_1_196' title='bbox 1334 2185 1516 2249; x_wconf 84' lang='lat' dir='ltr'>Callimachi</span> <span class='ocrx_word' id='word_1_197' title='bbox 1542 2184 1648 2246; x_wconf 91' lang='lat' dir='ltr'>locum</span> <span class='ocrx_word' id='word_1_198' title='bbox 1676 2178 1753 2241; x_wconf 88' lang='lat' dir='ltr'>satis</span> <span class='ocrx_word' id='word_1_199' title='bbox 1780 2175 1948 2258; x_wconf 81' lang='lat' dir='ltr'>diligenter</span> 
     </span>
     <span class='ocr_line' id='line_1_16' title="bbox 184 2299 1890 2386; baseline -0.005 -20"><span class='ocrx_word' id='word_1_200' title='bbox 184 2304 388 2386; x_wconf 83' lang='lat' dir='ltr'>expressisse</span> <span class='ocrx_word' id='word_1_201' title='bbox 410 2303 578 2386; x_wconf 79' lang='lat' dir='ltr'>Agathiam</span> <span class='ocrx_word' id='word_1_202' title='bbox 600 2303 639 2364; x_wconf 84' lang='lat' dir='ltr'>A.</span> <span class='ocrx_word' id='word_1_203' title='bbox 663 2299 697 2364; x_wconf 90' lang='lat' dir='ltr'>P.</span> <span class='ocrx_word' id='word_1_204' title='bbox 721 2299 749 2360; x_wconf 86' lang='lat' dir='ltr'>V</span> <span class='ocrx_word' id='word_1_205' title='bbox 773 2301 847 2363; x_wconf 88' lang='lat'>282:</span> <span class='ocrx_word' id='word_1_206' title='bbox 1884 2317 1890 2333; x_wconf 85' lang='lat'><strong>·</strong></span> 
     </span>
    </p>
   </div>
   <div class='ocr_carea' id='block_1_5' title="bbox 641 2515 1636 3088">
    <p class='ocr_par' dir='ltr' id='par_1_5' title="bbox 642 2515 1382 2612">
     <span class='ocr_line' id='line_1_17' title="bbox 642 2515 1382 2612; baseline 0 -26"><span class='ocrx_word' id='word_1_207' title='bbox 642 2516 685 2586; x_wconf 81' lang='lat' dir='ltr'>‘ll</span> <span class='ocrx_word' id='word_1_208' title='bbox 708 2515 809 2608; x_wconf 79' lang='grc' dir='ltr'>ρἀδινδ</span> <span class='ocrx_word' id='word_1_209' title='bbox 832 2523 949 2593; x_wconf 82' lang='grc' dir='ltr'>Μελίτη</span> <span class='ocrx_word' id='word_1_210' title='bbox 970 2530 1083 2587; x_wconf 84' lang='grc' dir='ltr'>ταναοῢ</span> <span class='ocrx_word' id='word_1_211' title='bbox 1101 2527 1148 2587; x_wconf 74' lang='grc' dir='ltr'>ἐπὶ</span> <span class='ocrx_word' id='word_1_212' title='bbox 1169 2517 1280 2612; x_wconf 72' lang='grc' dir='ltr'>γήραος</span> <span class='ocrx_word' id='word_1_213' title='bbox 1302 2517 1382 2604; x_wconf 83' lang='grc' dir='ltr'>οὐδῷ</span> 
     </span>
    </p>

    <p class='ocr_par' dir='ltr' id='par_1_6' title="bbox 644 2635 1468 2848">
     <span class='ocr_line' id='line_1_18' title="bbox 706 2635 1364 2730; baseline 0.002 -27"><span class='ocrx_word' id='word_1_214' title='bbox 706 2637 763 2711; x_wconf 75' lang='grc' dir='ltr'>την</span> <span class='ocrx_word' id='word_1_215' title='bbox 784 2637 844 2704; x_wconf 81' lang='grc' dir='ltr'>ἀπὸ</span> <span class='ocrx_word' id='word_1_216' title='bbox 865 2648 921 2717; x_wconf 76' lang='grc' dir='ltr'>τῆς</span> <span class='ocrx_word' id='word_1_217' title='bbox 940 2639 1014 2724; x_wconf 80' lang='grc' dir='ltr'>ἥβης</span> <span class='ocrx_word' id='word_1_218' title='bbox 1035 2642 1090 2706; x_wconf 77' lang='grc' dir='ltr'>οὐκ</span> <span class='ocrx_word' id='word_1_219' title='bbox 1112 2641 1250 2714; x_wconf 81' lang='grc' dir='ltr'>άπέθηκε</span> <span class='ocrx_word' id='word_1_220' title='bbox 1271 2635 1364 2730; x_wconf 78' lang='grc' dir='ltr'>χάριν,</span> 
     </span>
     <span class='ocr_line' id='line_1_19' title="bbox 644 2755 1468 2848; baseline 0.002 -26"><span class='ocrx_word' id='word_1_221' title='bbox 644 2760 708 2823; x_wconf 70' lang='grc' dir='ltr'>ἀλλ’</span> <span class='ocrx_word' id='word_1_222' title='bbox 737 2765 781 2824; x_wconf 80' lang='grc' dir='ltr'>ἔτι</span> <span class='ocrx_word' id='word_1_223' title='bbox 799 2762 993 2848; x_wconf 85' lang='grc' dir='ltr'>μαρμαίρουσι</span> <span class='ocrx_word' id='word_1_224' title='bbox 1014 2755 1162 2848; x_wconf 72' lang='grc' dir='ltr'>παρηίδες,</span> <span class='ocrx_word' id='word_1_225' title='bbox 1185 2757 1271 2848; x_wconf 84' lang='grc' dir='ltr'>ὄμμα</span> <span class='ocrx_word' id='word_1_226' title='bbox 1289 2756 1324 2825; x_wconf 90' lang='grc' dir='ltr'>δὲ</span> <span class='ocrx_word' id='word_1_227' title='bbox 1345 2763 1468 2848; x_wconf 84' lang='grc' dir='ltr'>θέλγειν</span> 
     </span>
    </p>

    <p class='ocr_par' dir='ltr' id='par_1_7' title="bbox 641 2871 1636 3088">
     <span class='ocr_line' id='line_1_20' title="bbox 706 2871 1528 2969; baseline 0.002 -27"><span class='ocrx_word' id='word_1_228' title='bbox 706 2878 740 2942; x_wconf 82' lang='grc' dir='ltr'>ού</span> <span class='ocrx_word' id='word_1_229' title='bbox 758 2871 851 2942; x_wconf 83' lang='grc' dir='ltr'>λάθε·</span> <span class='ocrx_word' id='word_1_230' title='bbox 874 2886 944 2942; x_wconf 82' lang='grc' dir='ltr'>τῶν</span> <span class='ocrx_word' id='word_1_231' title='bbox 966 2873 992 2942; x_wconf 84' lang='grc' dir='ltr'>δ’</span> <span class='ocrx_word' id='word_1_232' title='bbox 1019 2881 1131 2943; x_wconf 80' lang='grc' dir='ltr'>ἐτέων</span> <span class='ocrx_word' id='word_1_233' title='bbox 1151 2878 1170 2951; x_wconf 77' lang='grc' dir='ltr'><strong>ἡ</strong></span> <span class='ocrx_word' id='word_1_234' title='bbox 1193 2875 1303 2957; x_wconf 83' lang='grc' dir='ltr'>δεκάς</span> <span class='ocrx_word' id='word_1_235' title='bbox 1325 2881 1389 2945; x_wconf 75' lang='grc' dir='ltr'>οὐκ</span> <span class='ocrx_word' id='word_1_236' title='bbox 1411 2882 1528 2969; x_wconf 84' lang='grc' dir='ltr'>ὀλίγη·</span> 
     </span>
     <span class='ocr_line' id='line_1_21' title="bbox 641 2991 1636 3088; baseline -0.001 -26"><span class='ocrx_word' id='word_1_237' title='bbox 641 3001 737 3083; x_wconf 79' lang='grc' dir='ltr'>μίμνει</span> <span class='ocrx_word' id='word_1_238' title='bbox 760 3002 809 3062; x_wconf 87' lang='grc' dir='ltr'>καὶ</span> <span class='ocrx_word' id='word_1_239' title='bbox 830 2995 872 3063; x_wconf 88' lang='grc' dir='ltr'>τὸ</span> <span class='ocrx_word' id='word_1_240' title='bbox 895 2991 1064 3086; x_wconf 80' lang='grc' dir='ltr'>φρύαγμα</span> <span class='ocrx_word' id='word_1_241' title='bbox 1085 2996 1126 3064; x_wconf 87' lang='grc' dir='ltr'>τὸ</span> <span class='ocrx_word' id='word_1_242' title='bbox 1149 2993 1334 3066; x_wconf 83' lang='grc' dir='ltr'>παιδικόν·</span> <span class='ocrx_word' id='word_1_243' title='bbox 1358 2994 1468 3065; x_wconf 77' lang='grc' dir='ltr'>ἐνθάδε</span> <span class='ocrx_word' id='word_1_244' title='bbox 1490 2995 1516 3064; x_wconf 73' lang='grc' dir='ltr'>δ’</span> <span class='ocrx_word' id='word_1_245' title='bbox 1544 3005 1636 3088; x_wconf 81' lang='grc' dir='ltr'>ἔγνων</span> 
     </span>
    </p>
   </div>
   <div class='ocr_carea' id='block_1_6' title="bbox 704 3111 1359 3206">
    <p class='ocr_par' dir='ltr' id='par_1_8' title="bbox 704 3111 1359 3206">
     <span class='ocr_line' id='line_1_22' title="bbox 704 3111 1359 3206; baseline 0.003 -24"><span class='ocrx_word' id='word_1_246' title='bbox 704 3117 773 3182; x_wconf 82' lang='grc' dir='ltr'>’όττι</span> <span class='ocrx_word' id='word_1_247' title='bbox 795 3111 880 3205; x_wconf 82' lang='grc' dir='ltr'>φύσιν</span> <span class='ocrx_word' id='word_1_248' title='bbox 902 3124 984 3182; x_wconf 85' lang='grc' dir='ltr'>νικᾶν</span> <span class='ocrx_word' id='word_1_249' title='bbox 1005 3113 1022 3183; x_wconf 82' lang='lat' dir='ltr'>d</span> <span class='ocrx_word' id='word_1_250' title='bbox 1043 3113 1146 3206; x_wconf 77' lang='grc' dir='ltr'>χρόνος</span> <span class='ocrx_word' id='word_1_251' title='bbox 1168 3120 1203 3185; x_wconf 79' lang='lat' dir='ltr'>od</span> <span class='ocrx_word' id='word_1_252' title='bbox 1225 3113 1359 3192; x_wconf 82' lang='grc' dir='ltr'>δύγοιται,</span> 
     </span>
    </p>
   </div>
   <div class='ocr_carea' id='block_1_7' title="bbox 171 3338 1177 3546">
    <p class='ocr_par' dir='ltr' id='par_1_9' title="bbox 171 3338 1177 3546">
     <span class='ocr_line' id='line_1_23' title="bbox 171 3338 1177 3406; baseline 0.001 -3"><span class='ocrx_word' id='word_1_253' title='bbox 171 3339 227 3402; x_wconf 86' lang='lat' dir='ltr'>Ex</span> <span class='ocrx_word' id='word_1_254' title='bbox 252 3338 442 3404; x_wconf 84' lang='lat' dir='ltr'>Callimacho</span> <span class='ocrx_word' id='word_1_255' title='bbox 464 3342 600 3404; x_wconf 88' lang='lat' dir='ltr'>colorem</span> <span class='ocrx_word' id='word_1_256' title='bbox 623 3347 707 3406; x_wconf 88' lang='lat' dir='ltr'>certe</span> <span class='ocrx_word' id='word_1_257' title='bbox 730 3343 824 3405; x_wconf 84' lang='lat' dir='ltr'>duxit</span> <span class='ocrx_word' id='word_1_258' title='bbox 845 3344 940 3406; x_wconf 86' lang='lat' dir='ltr'>etiarn</span> <span class='ocrx_word' id='word_1_259' title='bbox 962 3340 1177 3406; x_wconf 87' lang='lat' dir='ltr'>Philodemus.</span> 
     </span>
     <span class='ocr_line' id='line_1_24' title="bbox 345 3453 1015 3546; baseline 0.001 -23"><span class='ocrx_word' id='word_1_260' title='bbox 345 3458 442 3523; x_wconf 84' lang='lat' dir='ltr'>XVII</span> <span class='ocrx_word' id='word_1_261' title='bbox 484 3462 581 3526; x_wconf 85' lang='lat' dir='ltr'>Anth.</span> <span class='ocrx_word' id='word_1_262' title='bbox 604 3459 668 3526; x_wconf 87' lang='lat' dir='ltr'>Pal.</span> <span class='ocrx_word' id='word_1_263' title='bbox 692 3461 720 3524; x_wconf 83' lang='lat' dir='ltr'>V</span> <span class='ocrx_word' id='word_1_264' title='bbox 746 3464 806 3526; x_wconf 88' lang='grc'>120</span> <span class='ocrx_word' id='word_1_265' title='bbox 828 3453 1015 3546; x_wconf 75' lang='grc' dir='ltr'>Φιλοδήμου.</span> 
     </span>
    </p>
   </div>
   <div class='ocr_carea' id='block_1_8' title="bbox 633 3675 1484 4011">
    <p class='ocr_par' dir='ltr' id='par_1_10' title="bbox 633 3675 1484 4011">
     <span class='ocr_line' id='line_1_25' title="bbox 637 3675 1470 3769; baseline -0.005 -23"><span class='ocrx_word' id='word_1_266' title='bbox 637 3684 697 3746; x_wconf 85' lang='grc' dir='ltr'>Καὶ</span> <span class='ocrx_word' id='word_1_267' title='bbox 715 3678 820 3758; x_wconf 85' lang='grc' dir='ltr'>νυκτὸς</span> <span class='ocrx_word' id='word_1_268' title='bbox 842 3675 975 3768; x_wconf 63' lang='lat' dir='ltr'>puchra</span> <span class='ocrx_word' id='word_1_269' title='bbox 995 3680 1049 3747; x_wconf 82' lang='grc' dir='ltr'>τὸν</span> <span class='ocrx_word' id='word_1_270' title='bbox 1071 3679 1142 3769; x_wconf 75' lang='grc' dir='ltr'>ἐμὸν</span> <span class='ocrx_word' id='word_1_271' title='bbox 1164 3683 1304 3768; x_wconf 80' lang='grc' dir='ltr'>κλέψασα</span> <span class='ocrx_word' id='word_1_272' title='bbox 1326 3675 1470 3745; x_wconf 76' lang='grc' dir='ltr'>σύνευνον</span> 
     </span>
     <span class='ocr_line' id='line_1_26' title="bbox 700 3795 1337 3890; baseline 0.002 -27"><span class='ocrx_word' id='word_1_273' title='bbox 700 3795 799 3872; x_wconf 72' lang='grc' dir='ltr'>ἦλθον</span> <span class='ocrx_word' id='word_1_274' title='bbox 820 3806 870 3867; x_wconf 83' lang='grc' dir='ltr'>καὶ</span> <span class='ocrx_word' id='word_1_275' title='bbox 892 3810 996 3886; x_wconf 70' lang='grc' dir='ltr'>πυκινῇ</span> <span class='ocrx_word' id='word_1_276' title='bbox 1017 3805 1185 3890; x_wconf 83' lang='grc' dir='ltr'>τεγγομένη</span> <span class='ocrx_word' id='word_1_277' title='bbox 1207 3795 1337 3888; x_wconf 71' lang='grc' dir='ltr'>ψακάδι·</span> 
     </span>
     <span class='ocr_line' id='line_1_27' title="bbox 633 3914 1484 4011; baseline 0.002 -30"><span class='ocrx_word' id='word_1_278' title='bbox 633 3915 745 3983; x_wconf 82' lang='grc' dir='ltr'>τοῦνεκ’</span> <span class='ocrx_word' id='word_1_279' title='bbox 773 3923 803 3983; x_wconf 74' lang='grc' dir='ltr'>ἐν</span> <span class='ocrx_word' id='word_1_280' title='bbox 825 3914 1003 4011; x_wconf 76' lang='grc' dir='ltr'>άπρηκτοισι</span> <span class='ocrx_word' id='word_1_281' title='bbox 1024 3915 1193 4008; x_wconf 61' lang='grc' dir='ltr'>καθήμεθα</span> <span class='ocrx_word' id='word_1_282' title='bbox 1216 3921 1303 4009; x_wconf 82' lang='grc' dir='ltr'>κούχὶ</span> <span class='ocrx_word' id='word_1_283' title='bbox 1324 3926 1484 3994; x_wconf 79' lang='grc' dir='ltr'>λαλεῦντες</span> 
     </span>
    </p>
   </div>
   <div class='ocr_carea' id='block_1_9' title="bbox 700 4035 1368 4129">
    <p class='ocr_par' dir='ltr' id='par_1_11' title="bbox 700 4035 1368 4129">
     <span class='ocr_line' id='line_1_28' title="bbox 700 4035 1368 4129; baseline 0.001 -26"><span class='ocrx_word' id='word_1_284' title='bbox 700 4035 825 4127; x_wconf 79' lang='grc' dir='ltr'>εὕδομεν</span> <span class='ocrx_word' id='word_1_285' title='bbox 847 4037 888 4117; x_wconf 79' lang='grc' dir='ltr'>ὡς</span> <span class='ocrx_word' id='word_1_286' title='bbox 909 4035 1004 4106; x_wconf 84' lang='grc' dir='ltr'>εὕδειν</span> <span class='ocrx_word' id='word_1_287' title='bbox 1025 4054 1088 4117; x_wconf 86' lang='grc' dir='ltr'>τοῖς</span> <span class='ocrx_word' id='word_1_288' title='bbox 1110 4043 1245 4129; x_wconf 79' lang='grc' dir='ltr'>φιλέουσι</span> <span class='ocrx_word' id='word_1_289' title='bbox 1267 4041 1368 4127; x_wconf 74' lang='grc' dir='ltr'>θέμις,</span> 
     </span>
    </p>
   </div>
   <div class='ocr_carea' id='block_1_10' title="bbox 170 4224 1939 5394">
    <p class='ocr_par' dir='ltr' id='par_1_12' title="bbox 170 4224 1939 5394">
     <span class='ocr_line' id='line_1_29' title="bbox 170 4224 1939 4316; baseline -0.003 -26"><span class='ocrx_word' id='word_1_290' title='bbox 170 4225 212 4292; x_wconf 85' lang='lat' dir='ltr'>V.</span> <span class='ocrx_word' id='word_1_291' title='bbox 237 4227 264 4288; x_wconf 90' lang='lat'>3.</span> <span class='ocrx_word' id='word_1_292' title='bbox 287 4227 477 4292; x_wconf 83' lang='lat' dir='ltr'>Salmasium</span> <span class='ocrx_word' id='word_1_293' title='bbox 507 4231 549 4292; x_wconf 87' lang='lat' dir='ltr'>ita</span> <span class='ocrx_word' id='word_1_294' title='bbox 572 4231 702 4294; x_wconf 83' lang='lat' dir='ltr'>offendit</span> <span class='ocrx_word' id='word_1_295' title='bbox 724 4241 759 4292; x_wconf 91' lang='lat' dir='ltr'>ut</span> <span class='ocrx_word' id='word_1_296' title='bbox 781 4232 940 4294; x_wconf 88' lang='lat' dir='ltr'>coniceret</span> <span class='ocrx_word' id='word_1_297' title='bbox 960 4224 1099 4293; x_wconf 82' lang='grc' dir='ltr'>τοῦνεκεν</span> <span class='ocrx_word' id='word_1_298' title='bbox 1120 4227 1267 4316; x_wconf 83' lang='grc' dir='ltr'>ἄπρηκτοι</span> <span class='ocrx_word' id='word_1_299' title='bbox 1293 4229 1505 4313; x_wconf 77' lang='grc' dir='ltr'>κατακείμεθα</span> <span class='ocrx_word' id='word_1_300' title='bbox 1527 4227 1688 4308; x_wconf 90' lang='lat' dir='ltr'>similique</span> <span class='ocrx_word' id='word_1_301' title='bbox 1704 4224 1855 4305; x_wconf 83' lang='lat' dir='ltr'>scrupulo</span> <span class='ocrx_word' id='word_1_302' title='bbox 1867 4242 1939 4306; x_wconf 89' lang='lat' dir='ltr'>per·</span> 
     </span>
     <span class='ocr_line' id='line_1_30' title="bbox 172 4339 1936 4434; baseline 0 -27"><span class='ocrx_word' id='word_1_303' title='bbox 172 4349 279 4408; x_wconf 87' lang='lat' dir='ltr'>motus</span> <span class='ocrx_word' id='word_1_304' title='bbox 301 4343 468 4412; x_wconf 88' lang='lat' dir='ltr'>Hooherns</span> <span class='ocrx_word' id='word_1_305' title='bbox 495 4345 537 4410; x_wconf 71' lang='grc' dir='ltr'>ἐπ’</span> <span class='ocrx_word' id='word_1_306' title='bbox 569 4339 745 4432; x_wconf 76' lang='grc' dir='ltr'>άπρηκτσισι</span> <span class='ocrx_word' id='word_1_307' title='bbox 766 4348 950 4434; x_wconf 86' lang='lat' dir='ltr'>corrigebat.</span> <span class='ocrx_word' id='word_1_308' title='bbox 994 4349 1144 4417; x_wconf 89' lang='lat' dir='ltr'>Pulcrum</span> <span class='ocrx_word' id='word_1_309' title='bbox 1171 4352 1250 4416; x_wconf 92' lang='lat' dir='ltr'>illud</span> <span class='ocrx_word' id='word_1_310' title='bbox 1278 4355 1309 4414; x_wconf 91' lang='lat' dir='ltr'>et</span> <span class='ocrx_word' id='word_1_311' title='bbox 1335 4349 1496 4432; x_wconf 87' lang='lat' dir='ltr'>proprium</span> <span class='ocrx_word' id='word_1_312' title='bbox 1524 4344 1659 4410; x_wconf 84' lang='lat' dir='ltr'>verbum</span> <span class='ocrx_word' id='word_1_313' title='bbox 1686 4347 1847 4412; x_wconf 74' lang='grc' dir='ltr'>καθῆσθαι</span> <span class='ocrx_word' id='word_1_314' title='bbox 1873 4363 1936 4407; x_wconf 92' lang='lat' dir='ltr'>non</span> 
     </span>
     <span class='ocr_line' id='line_1_31' title="bbox 170 4457 1937 4552; baseline 0.001 -27"><span class='ocrx_word' id='word_1_315' title='bbox 170 4457 275 4544; x_wconf 87' lang='lat' dir='ltr'>patiar</span> <span class='ocrx_word' id='word_1_316' title='bbox 300 4465 378 4548; x_wconf 86' lang='lat' dir='ltr'>oripi</span> <span class='ocrx_word' id='word_1_317' title='bbox 406 4473 526 4550; x_wconf 87' lang='lat' dir='ltr'>poetae,</span> <span class='ocrx_word' id='word_1_318' title='bbox 559 4469 596 4530; x_wconf 85' lang='lat' dir='ltr'>cf.</span> <span class='ocrx_word' id='word_1_319' title='bbox 626 4467 789 4531; x_wconf 86' lang='lat' dir='ltr'>Demosth.</span> <span class='ocrx_word' id='word_1_320' title='bbox 819 4468 945 4550; x_wconf 86' lang='lat' dir='ltr'>Olynth.</span> <span class='ocrx_word' id='word_1_321' title='bbox 973 4473 1003 4552; x_wconf 84' lang='grc'>2,</span> <span class='ocrx_word' id='word_1_322' title='bbox 1031 4473 1071 4534; x_wconf 82' lang='grc'>23</span> <span class='ocrx_word' id='word_1_323' title='bbox 1106 4463 1192 4533; x_wconf 81' lang='grc' dir='ltr'>οὐδὲν</span> <span class='ocrx_word' id='word_1_324' title='bbox 1221 4476 1374 4543; x_wconf 82' lang='grc' dir='ltr'>ποιοῦντες</span> <span class='ocrx_word' id='word_1_325' title='bbox 1404 4461 1515 4532; x_wconf 71' lang='grc' dir='ltr'>ἐνθάδε</span> <span class='ocrx_word' id='word_1_326' title='bbox 1543 4457 1721 4549; x_wconf 68' lang='grc' dir='ltr'>καθήμεθα,</span> <span class='ocrx_word' id='word_1_327' title='bbox 1752 4467 1786 4527; x_wconf 90' lang='lat' dir='ltr'>ut</span> <span class='ocrx_word' id='word_1_328' title='bbox 1816 4467 1937 4527; x_wconf 88' lang='lat' dir='ltr'>taceam</span> 
     </span>
     <span class='ocr_line' id='line_1_32' title="bbox 171 4583 1937 4676; baseline 0 -31"><span class='ocrx_word' id='word_1_329' title='bbox 171 4589 315 4646; x_wconf 86' lang='lat' dir='ltr'>amantes</span> <span class='ocrx_word' id='word_1_330' title='bbox 344 4585 402 4648; x_wconf 93' lang='lat' dir='ltr'>hoo</span> <span class='ocrx_word' id='word_1_331' title='bbox 428 4587 496 4650; x_wconf 91' lang='lat' dir='ltr'>loco</span> <span class='ocrx_word' id='word_1_332' title='bbox 524 4607 588 4650; x_wconf 93' lang='lat' dir='ltr'>non</span> <span class='ocrx_word' id='word_1_333' title='bbox 615 4589 717 4652; x_wconf 89' lang='lat' dir='ltr'>iacere</span> <span class='ocrx_word' id='word_1_334' title='bbox 740 4588 795 4651; x_wconf 88' lang='lat' dir='ltr'>sed</span> <span class='ocrx_word' id='word_1_335' title='bbox 819 4589 939 4654; x_wconf 90' lang='lat' dir='ltr'>sedero.</span> <span class='ocrx_word' id='word_1_336' title='bbox 983 4590 1149 4655; x_wconf 88' lang='lat' dir='ltr'>Hockorus</span> <span class='ocrx_word' id='word_1_337' title='bbox 1177 4595 1283 4655; x_wconf 83' lang='lat' dir='ltr'>autern</span> <span class='ocrx_word' id='word_1_338' title='bbox 1311 4591 1387 4676; x_wconf 90' lang='lat' dir='ltr'>qnid</span> <span class='ocrx_word' id='word_1_339' title='bbox 1412 4609 1471 4653; x_wconf 86' lang='lat' dir='ltr'>sna</span> <span class='ocrx_word' id='word_1_340' title='bbox 1498 4586 1559 4651; x_wconf 87' lang='lat' dir='ltr'>sibi</span> <span class='ocrx_word' id='word_1_341' title='bbox 1586 4587 1767 4650; x_wconf 87' lang='lat' dir='ltr'>coniectura</span> <span class='ocrx_word' id='word_1_342' title='bbox 1796 4583 1937 4646; x_wconf 87' lang='lat' dir='ltr'>lucratus</span> 
     </span>
     <span class='ocr_line' id='line_1_33' title="bbox 171 4697 1937 4796; baseline -0.001 -31"><span class='ocrx_word' id='word_1_343' title='bbox 171 4721 245 4766; x_wconf 88' lang='lat' dir='ltr'>esse</span> <span class='ocrx_word' id='word_1_344' title='bbox 273 4703 418 4768; x_wconf 87' lang='lat' dir='ltr'>videatur</span> <span class='ocrx_word' id='word_1_345' title='bbox 444 4725 507 4769; x_wconf 94' lang='lat' dir='ltr'>non</span> <span class='ocrx_word' id='word_1_346' title='bbox 535 4708 707 4790; x_wconf 87' lang='lat' dir='ltr'>perspicio;</span> <span class='ocrx_word' id='word_1_347' title='bbox 739 4713 899 4778; x_wconf 81' lang='grc' dir='ltr'>καθῆσθαι</span> <span class='ocrx_word' id='word_1_348' title='bbox 925 4711 972 4773; x_wconf 81' lang='grc' dir='ltr'>ἐπί</span> <span class='ocrx_word' id='word_1_349' title='bbox 999 4702 1096 4796; x_wconf 83' lang='grc' dir='ltr'>θρόνῳ</span> <span class='ocrx_word' id='word_1_350' title='bbox 1123 4713 1187 4775; x_wconf 90' lang='lat' dir='ltr'>dici</span> <span class='ocrx_word' id='word_1_351' title='bbox 1213 4716 1315 4796; x_wconf 90' lang='lat' dir='ltr'>potest</span> <span class='ocrx_word' id='word_1_352' title='bbox 1342 4710 1469 4792; x_wconf 78' lang='lat' dir='ltr'>aliquis,</span> <span class='ocrx_word' id='word_1_353' title='bbox 1497 4710 1599 4791; x_wconf 91' lang='lat' dir='ltr'>potest</span> <span class='ocrx_word' id='word_1_354' title='bbox 1626 4707 1721 4769; x_wconf 88' lang='lat' dir='ltr'>etiam</span> <span class='ocrx_word' id='word_1_355' title='bbox 1748 4702 1847 4765; x_wconf 83' lang='lat' dir='ltr'>index</span> <span class='ocrx_word' id='word_1_356' title='bbox 1874 4697 1937 4764; x_wconf 83' lang='lat' dir='ltr'>diei</span> 
     </span>
     <span class='ocr_line' id='line_1_34' title="bbox 172 4821 1937 4917; baseline -0.005 -25"><span class='ocrx_word' id='word_1_357' title='bbox 172 4827 334 4891; x_wconf 69' lang='grc' dir='ltr'>καθῆσθαι</span> <span class='ocrx_word' id='word_1_358' title='bbox 355 4823 402 4885; x_wconf 64' lang='grc' dir='ltr'>ἐπὶ</span> <span class='ocrx_word' id='word_1_359' title='bbox 422 4829 468 4904; x_wconf 83' lang='grc' dir='ltr'>τῷ</span> <span class='ocrx_word' id='word_1_360' title='bbox 490 4825 592 4910; x_wconf 88' lang='grc' dir='ltr'>κρίνειν</span> <span class='ocrx_word' id='word_1_361' title='bbox 614 4826 704 4908; x_wconf 79' lang='grc' dir='ltr'>(Ρίιιί,</span> <span class='ocrx_word' id='word_1_362' title='bbox 719 4829 800 4910; x_wconf 87' lang='lat' dir='ltr'>apol.</span> <span class='ocrx_word' id='word_1_363' title='bbox 816 4849 844 4912; x_wconf 94' lang='lat' dir='ltr'>p.</span> <span class='ocrx_word' id='word_1_364' title='bbox 863 4832 903 4892; x_wconf 85' lang='grc'>35</span> <span class='ocrx_word' id='word_1_365' title='bbox 913 4834 954 4912; x_wconf 83' lang='lat' dir='ltr'>o),</span> <span class='ocrx_word' id='word_1_366' title='bbox 976 4832 1032 4894; x_wconf 88' lang='lat' dir='ltr'>sed</span> <span class='ocrx_word' id='word_1_367' title='bbox 1055 4829 1097 4893; x_wconf 78' lang='grc' dir='ltr'>ἐπ’</span> <span class='ocrx_word' id='word_1_368' title='bbox 1125 4821 1301 4917; x_wconf 77' lang='grc' dir='ltr'>ἀπρήκτσισι</span> <span class='ocrx_word' id='word_1_369' title='bbox 1322 4835 1483 4900; x_wconf 82' lang='grc' dir='ltr'>καθῆσθαι</span> <span class='ocrx_word' id='word_1_370' title='bbox 1505 4826 1580 4911; x_wconf 91' lang='lat' dir='ltr'>quid</span> <span class='ocrx_word' id='word_1_371' title='bbox 1596 4827 1638 4888; x_wconf 92' lang='lat' dir='ltr'>sit</span> <span class='ocrx_word' id='word_1_372' title='bbox 1652 4823 1779 4900; x_wconf 77' lang='lat' dir='ltr'>nesei03</span> <span class='ocrx_word' id='word_1_373' title='bbox 1811 4821 1937 4885; x_wconf 85' lang='lat' dir='ltr'>videtur</span> 
     </span>
     <span class='ocr_line' id='line_1_35' title="bbox 171 4943 1935 5035; baseline -0.001 -29"><span class='ocrx_word' id='word_1_374' title='bbox 171 4945 280 5026; x_wconf 84' lang='lat' dir='ltr'>itaque</span> <span class='ocrx_word' id='word_1_375' title='bbox 312 4964 417 5030; x_wconf 89' lang='lat' dir='ltr'>noque</span> <span class='ocrx_word' id='word_1_376' title='bbox 443 4943 609 5010; x_wconf 87' lang='lat' dir='ltr'>Hookerus</span> <span class='ocrx_word' id='word_1_377' title='bbox 643 4966 748 5030; x_wconf 88' lang='lat' dir='ltr'>nequo</span> <span class='ocrx_word' id='word_1_378' title='bbox 779 4951 835 5031; x_wconf 89' lang='lat' dir='ltr'>qui</span> <span class='ocrx_word' id='word_1_379' title='bbox 865 4950 909 5013; x_wconf 92' lang='lat' dir='ltr'>illi</span> <span class='ocrx_word' id='word_1_380' title='bbox 936 4951 1146 5035; x_wconf 84' lang='lat' dir='ltr'>adstipulatur</span> <span class='ocrx_word' id='word_1_381' title='bbox 1174 4949 1365 5014; x_wconf 89' lang='lat' dir='ltr'>Duobncrus</span> <span class='ocrx_word' id='word_1_382' title='bbox 1397 4967 1502 5031; x_wconf 90' lang='lat' dir='ltr'>noque</span> <span class='ocrx_word' id='word_1_383' title='bbox 1534 4947 1730 5029; x_wconf 90' lang='lat' dir='ltr'>reliquorum</span> <span class='ocrx_word' id='word_1_384' title='bbox 1764 4943 1935 5026; x_wconf 86' lang='lat' dir='ltr'>quisquam</span> 
     </span>
     <span class='ocr_line' id='line_1_36' title="bbox 172 5059 1937 5154; baseline 0 -29"><span class='ocrx_word' id='word_1_385' title='bbox 172 5067 282 5146; x_wconf 86' lang='lat' dir='ltr'>poetae</span> <span class='ocrx_word' id='word_1_386' title='bbox 310 5082 443 5127; x_wconf 86' lang='lat' dir='ltr'>sonsum</span> <span class='ocrx_word' id='word_1_387' title='bbox 461 5066 595 5147; x_wconf 90' lang='lat' dir='ltr'>cepisse.</span> <span class='ocrx_word' id='word_1_388' title='bbox 642 5059 809 5153; x_wconf 81' lang='grc' dir='ltr'>Ἄπρηκτος</span> <span class='ocrx_word' id='word_1_389' title='bbox 834 5067 1026 5133; x_wconf 83' lang='lat' dir='ltr'>vocabulum</span> <span class='ocrx_word' id='word_1_390' title='bbox 1051 5073 1098 5134; x_wconf 90' lang='lat' dir='ltr'>rei</span> <span class='ocrx_word' id='word_1_391' title='bbox 1114 5071 1279 5134; x_wconf 84' lang='lat' dir='ltr'>Venereao</span> <span class='ocrx_word' id='word_1_392' title='bbox 1307 5071 1470 5154; x_wconf 90' lang='lat' dir='ltr'>proprium</span> <span class='ocrx_word' id='word_1_393' title='bbox 1497 5067 1536 5131; x_wconf 90' lang='lat' dir='ltr'>de</span> <span class='ocrx_word' id='word_1_394' title='bbox 1563 5069 1610 5131; x_wconf 89' lang='lat' dir='ltr'>eis</span> <span class='ocrx_word' id='word_1_395' title='bbox 1641 5065 1770 5149; x_wconf 90' lang='lat' dir='ltr'>ponitur</span> <span class='ocrx_word' id='word_1_396' title='bbox 1797 5066 1851 5146; x_wconf 93' lang='lat' dir='ltr'>qui</span> <span class='ocrx_word' id='word_1_397' title='bbox 1880 5068 1937 5126; x_wconf 89' lang='lat' dir='ltr'>aut</span> 
     </span>
     <span class='ocr_line' id='line_1_37' title="bbox 172 5181 1934 5274; baseline 0.001 -30"><span class='ocrx_word' id='word_1_398' title='bbox 172 5182 286 5245; x_wconf 88' lang='lat' dir='ltr'>nolunt</span> <span class='ocrx_word' id='word_1_399' title='bbox 317 5189 371 5246; x_wconf 88' lang='lat' dir='ltr'>aut</span> <span class='ocrx_word' id='word_1_400' title='bbox 404 5203 467 5247; x_wconf 92' lang='lat' dir='ltr'>non</span> <span class='ocrx_word' id='word_1_401' title='bbox 494 5190 641 5269; x_wconf 79' lang='lat' dir='ltr'>possunt3</span> <span class='ocrx_word' id='word_1_402' title='bbox 674 5189 737 5251; x_wconf 92' lang='lat' dir='ltr'>iam</span> <span class='ocrx_word' id='word_1_403' title='bbox 764 5207 838 5252; x_wconf 87' lang='lat' dir='ltr'>vero</span> <span class='ocrx_word' id='word_1_404' title='bbox 866 5189 897 5250; x_wconf 79' lang='grc' dir='ltr'>ἐν</span> <span class='ocrx_word' id='word_1_405' title='bbox 922 5181 1077 5264; x_wconf 82' lang='grc' dir='ltr'>δικασταῖς</span> <span class='ocrx_word' id='word_1_406' title='bbox 1102 5186 1174 5252; x_wconf 83' lang='grc' dir='ltr'>εἶναι</span> <span class='ocrx_word' id='word_1_407' title='bbox 1200 5191 1251 5253; x_wconf 92' lang='lat' dir='ltr'>vel</span> <span class='ocrx_word' id='word_1_408' title='bbox 1277 5187 1472 5274; x_wconf 81' lang='grc' dir='ltr'>ἀριθμεῖσθαι</span> <span class='ocrx_word' id='word_1_409' title='bbox 1498 5191 1575 5252; x_wconf 91' lang='lat' dir='ltr'>satis</span> <span class='ocrx_word' id='word_1_410' title='bbox 1597 5194 1709 5250; x_wconf 90' lang='lat' dir='ltr'>notum</span> <span class='ocrx_word' id='word_1_411' title='bbox 1733 5189 1782 5248; x_wconf 92' lang='lat' dir='ltr'>ost</span> <span class='ocrx_word' id='word_1_412' title='bbox 1807 5183 1934 5247; x_wconf 89' lang='lat' dir='ltr'>dicendi</span> 
     </span>
     <span class='ocr_line' id='line_1_38' title="bbox 170 5303 1927 5394; baseline 0.006 -30"><span class='ocrx_word' id='word_1_413' title='bbox 170 5319 295 5384; x_wconf 83' lang='lat' dir='ltr'>genus,</span> <span class='ocrx_word' id='word_1_414' title='bbox 328 5303 442 5386; x_wconf 86' lang='lat' dir='ltr'>quidni</span> <span class='ocrx_word' id='word_1_415' title='bbox 469 5306 566 5388; x_wconf 83' lang='lat' dir='ltr'>igitur</span> <span class='ocrx_word' id='word_1_416' title='bbox 592 5306 651 5370; x_wconf 92' lang='lat' dir='ltr'>hoc</span> <span class='ocrx_word' id='word_1_417' title='bbox 677 5308 818 5372; x_wconf 84' lang='lat' dir='ltr'>voluisse</span> <span class='ocrx_word' id='word_1_418' title='bbox 845 5314 970 5393; x_wconf 87' lang='lat' dir='ltr'>poetam</span> <span class='ocrx_word' id='word_1_419' title='bbox 996 5307 1179 5394; x_wconf 91' lang='lat' dir='ltr'>putabimus</span> <span class='ocrx_word' id='word_1_420' title='bbox 1206 5329 1258 5369; x_wconf 76' lang='lat' dir='ltr'>cur</span> <span class='ocrx_word' id='word_1_421' title='bbox 1280 5309 1371 5392; x_wconf 75' lang='lat' dir='ltr'>ipdtar</span> <span class='ocrx_word' id='word_1_422' title='bbox 1396 5308 1428 5370; x_wconf 86' lang='grc' dir='ltr'>ιἰι</span> <span class='ocrx_word' id='word_1_423' title='bbox 1458 5309 1618 5374; x_wconf 80' lang='lat' dir='ltr'>otiosorum</span> <span class='ocrx_word' id='word_1_424' title='bbox 1645 5325 1768 5370; x_wconf 73' lang='lat' dir='ltr'>attracto</span> <span class='ocrx_word' id='word_1_425' title='bbox 1795 5311 1927 5374; x_wconf 72' lang='lat' dir='ltr'>cedmae</span> 
     </span>
    </p>
   </div>
   <div class='ocr_carea' id='block_1_11' title="bbox 0 0 2328 6066">
    <p class='ocr_par' dir='ltr' id='par_1_13' title="bbox 0 0 2328 6066">
     <span class='ocr_line' id='line_1_39' title="bbox 0 0 2328 6066; baseline 0 0"><span class='ocrx_word' id='word_1_426' title='bbox 0 0 2328 6066; x_wconf 95' lang='lat' dir='ltr'> </span> 
     </span>
    </p>
   </div>
  </div>
 </body>
</html>
