4648 6066
933 386 980 402 —-
1034 345 1163 420 XXIII
1215 389 1266 400 —

215 557 411 652 σαλμακίδων
422 564 579 630 τουτέστιν
591 565 716 649 ἑταιρῶν
727 559 814 626 Suid.
846 561 891 624 Cf.
904 558 995 658 Ouid.
1007 561 1078 622 mol.
1089 557 1133 619 lv
1146 559 1206 621 286
1217 563 1247 621 et
1257 558 1371 622 Festus
1382 580 1411 642 p.
1426 561 1486 623 329
1499 560 1541 624 M.
1553 561 1702 624 salmace
1713 563 1829 626 nominc
1845 563 1977 646 nyrrqalra

216 687 336 748 (heliel
356 685 539 770 'I'errocfilio
545 685 649 768 sertin·
663 681 856 764 ccnuasmitia
871 679 1065 742 Helii-ammei
1074 701 1169 764 aquae
1179 678 1481 762 appellonclacsuisae
1493 680 1683 757 satietates,
1700 705 1790 766 qicam
1802 683 1855 767 qui
1865 683 1979 746 bibisset

214 807 281 868 cilio
304 805 506 887 irnpmlicitiae
528 803 712 876 mollesceret,
735 802 770 862 ob
793 823 857 863 eum
884 821 946 860 rem
967 799 1127 882 quodcirca
1149 797 1247 858 utam
1272 809 1444 879 ‹eripiatutus
1460 800 1627 880 parietibus
1648 803 1826 866 occasionem
1849 803 1977 886 larqitur

213 925 363 988 iuuenibus
390 924 590 1006 petulantibus
618 921 846 984 antecedentium
863 941 1031 1000 puerorum
1046 913 1276 998 puellarumque
1297 917 1522 992 niirlamlurum‚
1545 920 1614 1002 quio
1637 943 1695 981 riou
1711 933 1796 1002 patet
1817 923 1976 1006 refuqium.

217 1047 335 1108 lt'raniua
353 1039 543 1107 'Salirracicta
565 1042 662 1126 spolia
679 1042 741 1103 aine
762 1040 903 1122 euripuirre
921 1049 947 1100 et
968 1033 1080 1098 sudori
1115 1035 1298 1118 (legendum
1326 1036 1387 1098 sirie
1410 1037 1518 1098 sicciore
1541 1049 1566 1100 et
1587 1041 1744 1120 arariquiuc,
1777 1040 1814 1103 cf.
1839 1041 1902 1105 Cic.
1926 1043 1976 1106 off.

211 1162 294 1242 118,
317 1163 366 1224 61.
412 1162 493 1226 Eun.
518 1167 595 1245 trag.
614 1160 649 1224 ir.
675 1160 746 1238 338)
772 1195 809 1204 -
834 1159 852 1220 3
876 1156 1007 1220 exhibui
1032 1155 1195 1236 vulgatam
1212 1157 1398 1239 scripturam
1426 1160 1573 1240 quamvis
1589 1161 1666 1222 mihi
1691 1161 1975 1244 nonprobabiIem.

212 1281 320 1346 Codex
343 1281 437 1345 habet
458 1281 508 1342 καὶ
530 1271 649 1362 δοῦμος,
677 1277 851 1341 Salmasius
874 1277 1011 1339 correxit
1038 1276 1088 1335 καὶ
1106 1265 1223 1348 δοῦπος,
1252 1271 1395 1356 Toupius
1418 1277 1468 1336 καὶ
1490 1281 1600 1360 κῶμος.
1644 1276 1764 1343 Dubito
1787 1299 1861 1350 sera
1884 1281 1979 1343 veho.

211 1409 343 1482 menter,
371 1421 448 1466 num
479 1401 541 1464 diei
565 1393 703 1483 possiti
727 1389 843 1477 καλῦβη
865 1392 943 1476 αῦτξι
967 1393 1128 1480 ἐνέπρεπεν,
1157 1391 1335 1475 siquidem
1368 1398 1451 1456 recte
1474 1384 1607 1474 καλύβκν
1628 1397 1874 1479 interpretantur
1895 1401 1978 1462 aeeti-

210 1522 308 1584 cutam
332 1517 839 1594 s.tholomumMutrisd001um3
872 1515 987 1578 dicitur
1009 1514 1125 1597 uliquis
1152 1512 1307 1586 ἐνόπλοις
1331 1516 1378 1576 vel
1414 1506 1542 1600 βάκχαις
1564 1517 1728 1602 ἐμπρέπειν,
1757 1519 1874 1583 dicitur
1896 1523 1972 1584 item

210 1639 367 1727 ἐμπρέπειν
387 1642 443 1702 τινὶ
468 1629 574 1724 χρυσός
600 1639 649 1701 ael
673 1628 794 1712 κάλλος,
814 1638 921 1720 itaque
944 1636 1066 1698 conicio
1093 1631 1112 1702 ἢ
1135 1626 1251 1715 achiba
1274 1632 1437 1720 ἐνέπρεπεν,
1465 1656 1527 1718 quo
1550 1638 1646 1701 simul
1669 1639 1731 1702 alia
1753 1639 1874 1704 tollitur
1895 1641 1976 1704 diffi-

210 1760 328 1823 cultas:
358 1778 430 1822 aam
455 1779 483 1820 v.
509 1759 527 1818 5
550 1775 643 1820 casus
663 1756 890 1834 nominativus
914 1773 985 1816 oum
1006 1753 1194 1817 antecedant
1216 1752 1312 1817 dativi
1335 1754 1398 1818 duo
1417 1743 1436 1834 r]
1460 1761 1491 1818 et
1509 1761 1709 1824 aecusativus
1734 1779 1818 1824 riuus
1839 1755 1883 1837 ἦν,
1911 1781 1973 1824 nen

211 1878 303 1942 babet
325 1897 388 1963 quo
410 1883 481 1960 apto
503 1879 663 1940 referatur.
708 1873 848 1938 uoniam
872 1874 1028 1936 distichon
1053 1872 1207 1936 stlocum
1232 1879 1367 1937 mutmet
1388 1895 1460 1938 cum
1485 1877 1636 1959 seeundo,
1670 1880 1747 1942 nihil
1771 1885 1856 1943 esset
1878 1881 1975 1944 offen·

211 1999 324 2068 sionim
346 2017 384 2061 eo
407 2002 513 2060 tamma
537 2015 600 2078 quo
621 1994 732 2058 tradita
755 2002 829 2056 suut
848 1991 957 2054 ordine
981 1987 1177 2053 Intolerabile
1200 1999 1249 2053 ost
1267 1992 1470 2076 hyperbaton.
1516 1995 1617 2080 Igitur
1639 2001 1665 2062 si
1689 2019 1801 2064 verum
1827 2001 1904 2066 illud
1927 2007 1977 2065 est
2050 1965 2055 1976 ί

209 2107 363 2198 ἢκαλόβν,Ι
386 2113 547 2200 ἐνέπρεπεν,
570 2113 700 2196 gravius
722 2111 874 2174 mendum
898 2109 972 2172 latet
995 2111 1027 2172 iu
1045 2107 1150 2172 serbis
1170 2111 1221 2170 καὶ
1242 2101 1360 2194 δοῦμος.
1406 2111 1542 2178 Delirus
1557 2135 1629 2180 euni
1652 2109 1768 2200 καλύβῃ
1784 2121 1974 2184 coniunctus

211 2239 362 2322 quoniam
385 2257 448 2300 uon
471 2239 575 2320 potest
596 2235 695 2298 fuisse
717 2235 800 2312 (nam
824 2231 940 2296 laceret
962 2229 1011 2292 hic
1035 2229 1155 2292 hiatum
1170 2231 1345 2314 vitiosum),
1368 2237 1513 2316 sequitur
1529 2239 1563 2299 ut
1576 2236 1765 2304 adiectivum
1783 2261 1974 2325 quaeramus

210 2359 377 2442 adipsum
402 2356 582 2420 subiectum
602 2356 621 2416 i.
646 2374 672 2416 e.
696 2349 1196 2434 udTrygouium1·ctereudum;
1231 2353 1371 2416 venitin
1396 2359 1534 2444 aretatem
1559 2353 1744 2444 κλειδοῦχος,
1769 2362 1853 2446 qued
1878 2384 1972 2428 voca·

211 2478 321 2542 bulum
347 2483 457 2541 uotum
486 2483 535 2538 est
566 2492 662 2558 quam
694 2472 755 2535 late
782 2476 893 2554 pateat.
938 2469 1017 2534 'lum
1047 2470 1170 2554 leliqua
1196 2473 1242 2534 sic
1263 2471 1430 2538 scribenda
1458 2471 1476 2544 ἢ
1501 2479 1709 2564 ριλοπαίγμων
1731 2484 1886 2569 crispatis.
1904 2485 1972 2548 scil.

210 2597 355 2684 ἐνέπρεπε,
372 2603 407 2660 ut
424 2599 486 2660 iam
502 2595 662 2679 aequabili
683 2600 749 2658 arte
763 2593 918 2658 adieetiva
940 2582 1115 2675 κλειδοῦχος
1137 2594 1168 2654 et
1190 2592 1409 2678 φιλοπαίγμονι,
1431 2595 1528 2686 dativi
1544 2588 1660 2680 καλόβκ,
1676 2604 1707 2662 et
1722 2601 1877 2686 στωμυλίκ
1893 2604 1974 2667 iuter

209 2737 245 2781 se
274 2716 499 2800 respondeaut3
527 2721 660 2796 utraque
688 2714 757 2777 laus
785 2713 896 2792 effecit,
924 2715 959 2774 ut
986 2711 1045 2774 dea
1070 2710 1157 2773 illam
1181 2711 1325 2794 diligeret
1352 2701 1449 2798 μήτηρ
1475 2710 1511 2782 ἣν
1533 2715 1654 2800 ἐφίλησε
1679 2721 1768 2780 θεῶν.
1812 2719 1873 2784 Sed
1897 2722 1973 2786 haec

216 2837 313 2900 nimis
336 2835 457 2898 incerta
483 2853 578 2917 quem
603 2837 638 2896 ut
664 2833 697 2894 in
730 2832 778 2894 eis
804 2829 992 2913 adquiescas
1025 2865 1061 2878 -
1091 2830 1109 2890 ῦ
1134 2838 1216 2894 reete
1245 2833 1416 2915 explicavit
1438 2833 1596 2898 Diltheius
1618 2837 1683 2901 iud.
1708 2839 1804 2903 schol.
1829 2839 1969 2927 Gottiag.

207 2963 284 3020 aest„
315 2956 395 3018 1878
422 2974 452 3037 p.
478 2955 516 3016 12
536 2955 596 3017 ita:
618 2951 788 3034 postposita
817 2960 857 3012 est
884 2946 960 3034 ἀμφί
982 2950 1168 3030 praepositio
1194 2951 1313 3013 riornirn'
1333 2975 1395 3028 aiio,
1424 2955 1505 3038 quod
1530 2965 1570 3018 cat
1594 2947 1750 3042 Κύπριδος,
1778 2969 1804 3020 et
1830 2961 1972 3044 quoniam

206 3075 442 3138 thaumatum
470 3073 735 3156 qrarnnmticornm
760 3081 888 3134 ceterum
909 3081 1075 3152 praecepto
1101 3071 1269 3132 ‹crcabibaaia
1293 3093 1399 3152 aqum
1420 3085 1539 3136 accerrtu
1561 3076 1681 3139 traiecto
1703 3079 1901 3162 catastrophen
1923 3083 1971 3144 in·

206 3197 309 3258 elucere
337 3205 462 3268 acuam,
493 3215 529 3255 ne
560 3195 584 3254 is
616 3192 734 3278 quidem
765 3191 924 3252 irridendus
956 3201 1004 3252 eal.
1058 3189 1162 3254 Simili
1186 3193 1307 3255 rationo
1334 3191 1373 3256 ub
1407 3193 1558 3258 inanibus
1585 3198 1777 3262 coniecturis
1801 3200 1969 3264 vindicabo

208 3320 334 3398 Aiia'tee
368 3313 452 3398 quod
484 3316 582 3377 lemur
613 3314 808 3396 epigramma
840 3313 877 3376 A.
908 3309 942 3372 P.
967 3308 1027 3372 vu
1052 3312 1124 3378 215.
1160 3309 1215 3373 ubi
1246 3310 1418 3394 delphinus
1451 3321 1594 3382 mortuus
1627 3316 1768 3400 qutiitur
1802 3314 1872 3382 οὐδὲ
1907 3323 1971 3407 περὶ

206 3441 387 3522 οκαρδμοῒοι
409 3435 468 3516 (sic
489 3433 606 3496 Suidue
627 3431 699 3496 libri
722 3429 851 3514 optimi;
876 3433 1036 3513 σκαλμοῖσι
1057 3430 1123 3492 eod.
1147 3429 1290 3512 Autbol.)
1312 3425 1385 3504 νεὼς
1406 3434 1587 3518 περικαλλέα
1613 3437 1701 3521 χείλη
1722 3429 1859 3522 ποιρόξω
1882 3437 1967 3525 τάριᾷ

204 3545 383 3641 τερπόμενος
400 3557 547 3638 προτομᾷ.
591 3549 759 3634 Iungeuda
780 3550 844 3635 περί
865 3551 1056 3632 praepositio
1079 3570 1152 3614 oum
1175 3551 1355 3614 accusativo
1377 3552 1473 3636 χείλη.

373 3669 467 3736 XXII
512 3671 607 3733 Auth.
632 3667 696 3732 Pal.
722 3667 769 3732 XI
791 3671 832 3732 44
855 3657 1040 3751 Φιλοδήμου.

690 3852 794 3946 Αὔριον
816 3863 855 3932 εἰς
876 3847 979 3924 λειτόν
1001 3879 1034 3920 οε
1057 3849 1197 3932 καλιάδα,
1221 3858 1330 3942 ρίλατε
1354 3859 1483 3936 Πείσων,

749 3969 782 4051 ἐξ
804 3969 910 4050 ἐναπος
931 3976 1013 4039 ἑλκει
1036 3971 1221 4062 μουοοφιλὴς
1242 3977 1347 4063 ἕταρος

684 4089 790 4160 εἰκάδα
812 4087 965 4170 δειπνίζων
987 4086 1144 4158 ἐνιαύσιον·
1168 4103 1193 4159 εἰ
1215 4089 1242 4158 δ’
1267 4095 1437 4181 ἀπολείψεις

746 4210 867 4278 οὔθατα
890 4217 940 4278 καὶ
965 4215 1091 4302 Βρομίου
1115 4217 1246 4302 xio-fea.
1268 4207 1420 4300 πρόποσιν,

624 4339 643 4399 5
687 4333 752 4397 ἀλλ’
780 4327 900 4422 ἑτάρους
922 4330 989 4420 ὄψει
1010 4335 1215 4413 παναλκδέας,
1237 4332 1303 4396 ἀλλ’
1331 4329 1484 4416 ἐπακούει-ρ

747 4445 892 4523 Φαιήκων
912 4458 998 4541 γαίης
1019 4451 1114 4519 πουλὺ
1137 4446 1347 4541 μελιμρότερα·

680 4569 717 4644 ἦν
738 4563 774 4634 δέ
795 4595 870 4636 ποτε
893 4573 1020 4662 στρέψας
1042 4576 1092 4637 καὶ
1114 4577 1144 4649 ἐς
1163 4570 1258 4658 ἡμέας
1280 4569 1414 4662 ὄμματα,
1438 4575 1568 4652 Πείσων,

746 4689 857 4782 ἄξομεν
879 4697 913 4758 lr.
930 4700 1032 4770 λειτῆς
1055 4687 1160 4758 εἰκάδα
1181 4695 1328 4784 πιοτέρην.

200 4881 249 4948 De
271 4883 399 4968 Epicuri
423 4885 475 4948 die
496 4884 594 4948 aebli
617 4885 788 4967 quotannis
810 4883 933 4965 agendo
957 4903 1068 4948 merrae
1092 4885 1277 4949 Gamelione
1298 4884 1335 4949 ei.
1356 4884 1420 4948 Cic.
1443 4885 1482 4948 de
1504 4885 1547 4948 iia
1582 4884 1613 4948 II
1638 4887 1695 4950 101
1730 4923 1769 4933 —
1790 4887 1829 4950 V.
1857 4887 1870 4948 l
1896 4889 1965 4950 et8

198 4995 285 5074 λιτήν
305 5010 338 5067 ot
358 5007 444 5076 λιτῆς
464 5004 581 5081 cedex;
610 5002 781 5085 utrubique
805 5005 936 5066 conexi.
983 5003 1221 5088 Diphthongum
1245 5025 1279 5080 ει,
1303 5023 1398 5087 quam
1422 5008 1454 5065 et
1476 5001 1547 5066 libri
1569 5006 1675 5088 scripti
1700 5011 1730 5066 et
1752 5006 1833 5068 tituli
1856 5005 1964 5068 multis

199 5125 355 5210 excerptis
384 5129 561 5206 servarunt,
592 5125 729 5209 postulat
755 5126 857 5207 ipsius
884 5124 1032 5189 vocabuli
1060 5126 1227 5208 originatio
1246 5123 1297 5205 (cl.
1319 5124 1437 5199 λεαίνω,
1460 5125 1550 5206 λεῖος)
1573 5161 1613 5171 -
1636 5126 1733 5212 ἐταρις
1755 5126 1867 5206 codex,
1897 5117 1964 5190 o'or-

200 5249 283 5310 rexit
306 5247 355 5309 vir
376 5246 488 5309 doctus
511 5245 738 5329 Neapolitanus
767 5245 838 5310 libri
862 5243 1057 5307 Philodemei
1080 5245 1119 5309 de
1139 5247 1261 5308 musica
1283 5245 1396 5324 edit0r3
1427 5245 1467 5308 de
1493 5245 1723 5310 carendatiouis
1745 5249 1877 5310 veritate
1899 5267 1963 5310 non
