4648 6066
851 411 1199 487 -XXVII-

308 623 404 688 Anth.
434 621 498 687 Pel.
529 622 579 687 XI
610 625 650 686 35
676 629 732 686 τοῦ
762 622 854 688 αὐτοῦ
880 625 902 687 i.
921 645 949 689 e.
978 624 1165 708 Philodemi,
1196 625 1289 688 euius
1317 641 1390 686 esse
1417 640 1481 685 non
1510 623 1614 703 potest
1644 618 1836 702 epigramma
1862 615 1900 679 ed

36 780 37 788 ν
147 741 324 806 Philodemi
347 743 554 808 imitationem
576 743 708 822 faetum3
732 764 849 810 nomen
868 748 978 830 poetae
1001 747 1182 810 coniectura
1203 763 1245 808 ex
1269 764 1298 806 v.
1324 744 1343 805 3
1365 742 1540 826 repetitum.
1599 735 1603 744 “

605 889 749 984 Κράρ.βην
765 891 989 986 Ἀρτεμίδωρος,
1007 897 1197 982 Ἀρίσταρχος
1220 889 1254 957 δὲ
1275 888 1405 982 τάριχον,

666 1019 840 1099 βολβίσιους
863 1011 888 1080 δ’
914 1013 982 1104 ημῖν
1002 1010 1099 1079 δῶκεν
1117 1006 1329 1101 Ἀθηναγὸροις,

603 1130 729 1208 ἡπάτιον
750 1129 932 1223 Φιλόδημος,
952 1127 1178 1222 Ἀπολλοφάνης
1199 1126 1234 1197 δὲ
1256 1127 1310 1198 δύο
1333 1139 1405 1220 μνᾶς

663 1258 799 1344 χοιρείου,
822 1259 872 1319 καὶ
894 1267 970 1344 τρεῖς
989 1249 1064 1328 ἦσαν
1085 1253 1135 1317 ἀπ’
1159 1250 1253 1340 ἐχθὲς
1275 1259 1337 1317 ἔτι·

607 1372 666 1458 ᾠὸν
687 1379 736 1439 ιιοιὶ
759 1367 921 1462 στεφάνους
943 1378 993 1439 καὶ
1016 1369 1159 1462 σάμβαλοι
1181 1378 1231 1438 καὶ
1253 1366 1341 1462 μύρον
1359 1367 1428 1458 ἡμῖν

663 1488 806 1582 λάμβανε,
828 1497 878 1558 καὶ
898 1488 1028 1569 δεκάτης
1048 1491 1123 1558 εὐθὺ
1145 1496 1230 1557 θέλω
1252 1487 1402 1582 παράγειν.

146 1650 178 1714 V.
203 1653 222 1714 3
242 1641 314 1736 μνάς
335 1650 436 1716 codex
458 1689 494 1700 -
522 1653 540 1714 5
564 1650 708 1737 στέφανος
730 1651 841 1732 codex,
868 1670 944 1715 eorr.
967 1649 1134 1730 Reiskius;
1161 1650 1285 1734 relique
1306 1649 1378 1713 dedi
1400 1649 1507 1733 qualia
1534 1647 1664 1712 exhibet
1685 1647 1787 1711 eedex
1812 1641 1903 1708 Pala·

143 1773 240 1844 tinus,
262 1769 317 1833 ubi
346 1790 403 1854 pro
426 1772 580 1856 singulari
602 1790 662 1834 ονο
684 1775 820 1854 praestat
841 1775 972 1836 tortasse
1000 1764 1046 1852 ᾠὰ
1067 1763 1109 1849 δέ,
1135 1762 1277 1858 σάμβιλα
1298 1770 1374 1854 quid
1397 1768 1458 1833 sibi
1480 1770 1580 1833 velint
1601 1769 1720 1849 neseio,
1751 1767 1901 1850 quoniam

143 1909 206 1954 non
230 1891 312 1954 soree
334 1896 459 1973 poetam
481 1910 592 1955 cenare
612 1891 694 1954 velle
716 1895 859 1973 apertum
880 1895 935 1954 est.
981 1889 1168 1974 Corruptum
1195 1909 1322 1954 versum
1342 1895 1467 1954 sextum
1492 1909 1563 1953 nort
1578 1890 1703 1952 sanavit
1721 1885 1901 1950 Meinekius

141 2009 213 2090 (del.
241 2029 271 2092 p.
296 2011 378 2092 198),
402 2029 474 2074 eum
499 1983 648 2074 ¹scriberet
666 2002 809 2096 λάμβανε,
838 2019 898 2088 παῖ,
923 2031 995 2074 nam
1017 2012 1143 2094 gravior
1163 2012 1233 2074 eius
1256 2010 1302 2074 rei
1326 2014 1375 2074 est
1395 2008 1572 2090 difficulter,
1605 2008 1688 2092 quod
1711 2005 1896 2071 adverbium

145 2121 217 2193 εὐθί
243 2136 274 2195 et
296 2131 436 2215 legitima
457 2147 555 2194 cenae
584 2129 660 2194 hore
681 2130 803 2194 decima
828 2131 919 2194 iuxta
939 2132 1041 2215 posite
1068 2135 1159 2210 sunt;
1179 2130 1215 2196 cf.
1237 2128 1415 2194 Philodemi
1436 2130 1533 2214 epigr.
1565 2147 1660 2212 supra
1689 2147 1720 2190 n.
1751 2125 1766 2188 Ι
1793 2126 1901 2196 πηνίκα

140 2243 167 2311 δ’
193 2242 287 2328 ἥξειςς
315 2246 350 2311 ἓν
371 2243 406 2310 σὺ
429 2249 526 2322 θέλεις
549 2245 638 2336 ι”ρην
669 2244 745 2312 εὐθὺ
767 2248 862 2312 θέλω·
896 2241 1017 2337 πρὸαγε.
1062 2249 1284 2334 Intellegerem
1307 2249 1502 2314 versiculum
1523 2248 1570 2312 sie
1591 2248 1744 2331 seriptum
1759 2221 1822 2309 1ιιοιί
1845 2237 1895 2309 δι-

140 2359 243 2448 κάτης,
265 2362 340 2432 etet
361 2367 447 2430 θέλω
467 2359 616 2455 παράγειν,
639 2370 695 2434 sed
717 2372 838 2454 integre
860 2376 968 2455 poetae
991 2370 1088 2436 verbe
1110 2373 1217 2434 nesio
1240 2372 1368 2456 quidem
1391 2371 1535 2434 restituta
1557 2366 1712 2431 videntur.

307 2487 418 2560 Errore
451 2487 590 2572 denique
621 2489 738 2553 iactum
770 2495 819 2552 est
851 2495 885 2554 ut
914 2491 1108 2574 epigramma
1132 2491 1226 2554 Anth.
1248 2488 1312 2555 Pal.
1338 2490 1367 2552 V
1394 2493 1424 2572 8,
1457 2487 1541 2574 quod
1572 2505 1615 2551 ex
1644 2486 1795 2572 Meleagri
1825 2491 1895 2574 pul·

138 2609 303 2672 cherrimis
333 2613 397 2686 est,
429 2605 589 2672 Planudes
615 2606 799 2674 Philodeme
825 2608 986 2691 tribueret,
1018 2629 1124 2694 neque
1153 2611 1255 2694 magis
1280 2608 1487 2675 dubitandum
1520 2616 1597 2698 quin
1620 2613 1704 2675 reete
1734 2607 1897 2674 Iecobsius

138 2731 333 2814 epigramma
359 2727 454 2792 Anth.
483 2725 547 2792 Pal.
577 2725 605 2790 V
632 2729 672 2790 24
702 2731 736 2792 in
766 2729 968 2796 Heliodoram
1000 2731 1151 2815 seriptum
1178 2729 1391 2796 Philodemeis
1424 2736 1578 2798 exemerit
1609 2738 1703 2818 etque
1737 2731 1895 2818 Meleagro

136 2851 317 2920 restituerit.
