<?xml version="1.0" encoding="UTF-8"?>
<!DOCTYPE html PUBLIC "-//W3C//DTD XHTML 1.0 Transitional//EN"
    "http://www.w3.org/TR/xhtml1/DTD/xhtml1-transitional.dtd">
<html xmlns="http://www.w3.org/1999/xhtml" xml:lang="en" lang="en">
 <head>
  <title>
</title>
<meta http-equiv="Content-Type" content="text/html;charset=utf-8" />
  <meta name='ocr-system' content='tesseract 3.04.00' />
  <meta name='ocr-capabilities' content='ocr_page ocr_carea ocr_par ocr_line ocrx_word'/>
</head>
<body>
  <div class='ocr_page' id='page_1' title='image "./philodemigadare00kaibgoog_0025.png"; bbox 0 0 4648 6066; ppageno 0'>
   <div class='ocr_carea' id='block_1_1' title="bbox 1103 367 1432 445">
    <p class='ocr_par' dir='ltr' id='par_1_1' title="bbox 1103 367 1432 445">
     <span class='ocr_line' id='line_1_1' title="bbox 1103 367 1432 445; baseline -0.003 -3"><span class='ocrx_word' id='word_1_1' title='bbox 1103 409 1150 425; x_wconf 90' lang='lat'><em>-</em></span> <span class='ocrx_word' id='word_1_2' title='bbox 1204 367 1331 445; x_wconf 86' lang='lat' dir='ltr'>XVIII</span> <span class='ocrx_word' id='word_1_3' title='bbox 1383 407 1432 420; x_wconf 90' lang='lat'>-</span> 
     </span>
    </p>
   </div>
   <div class='ocr_carea' id='block_1_2' title="bbox 366 573 2156 3414">
    <p class='ocr_par' dir='ltr' id='par_1_2' title="bbox 366 573 2156 3414">
     <span class='ocr_line' id='line_1_2' title="bbox 376 573 2156 670; baseline -0.001 -24"><span class='ocrx_word' id='word_1_4' title='bbox 376 583 500 670; x_wconf 79' lang='grc' dir='ltr'>τίχνοις.</span> <span class='ocrx_word' id='word_1_5' title='bbox 542 585 807 648; x_wconf 75' lang='lat' dir='ltr'>Automedontem</span> <span class='ocrx_word' id='word_1_6' title='bbox 832 585 918 646; x_wconf 88' lang='lat' dir='ltr'>enim</span> <span class='ocrx_word' id='word_1_7' title='bbox 940 603 980 645; x_wconf 79' lang='lat' dir='ltr'>ex</span> <span class='ocrx_word' id='word_1_8' title='bbox 1000 589 1087 668; x_wconf 85' lang='lat' dir='ltr'>parto</span> <span class='ocrx_word' id='word_1_9' title='bbox 1112 582 1223 646; x_wconf 87' lang='lat' dir='ltr'>saltem</span> <span class='ocrx_word' id='word_1_10' title='bbox 1239 581 1460 646; x_wconf 88' lang='lat' dir='ltr'>Philodamum</span> <span class='ocrx_word' id='word_1_11' title='bbox 1491 583 1648 646; x_wconf 85' lang='lat' dir='ltr'>imitatum</span> <span class='ocrx_word' id='word_1_12' title='bbox 1671 601 1743 645; x_wconf 88' lang='lat' dir='ltr'>esso</span> <span class='ocrx_word' id='word_1_13' title='bbox 1766 583 1870 664; x_wconf 79' lang='lat' dir='ltr'>arguit</span> <span class='ocrx_word' id='word_1_14' title='bbox 1891 603 1922 643; x_wconf 84' lang='lat' dir='ltr'>v.</span> <span class='ocrx_word' id='word_1_15' title='bbox 1944 582 1961 642; x_wconf 77' lang='lat'>7</span> <span class='ocrx_word' id='word_1_16' title='bbox 1981 573 2156 666; x_wconf 72' lang='grc' dir='ltr'>γλωττίζει,</span> 
     </span>
     <span class='ocr_line' id='line_1_3' title="bbox 380 695 2155 789; baseline -0.001 -24"><span class='ocrx_word' id='word_1_17' title='bbox 380 696 478 780; x_wconf 78' lang='grc' dir='ltr'><strong>κνίζει,</strong></span> <span class='ocrx_word' id='word_1_18' title='bbox 494 695 754 789; x_wconf 59' lang='grc' dir='ltr'>περιλαμβάνει-</span> <span class='ocrx_word' id='word_1_19' title='bbox 770 705 788 766; x_wconf 86' lang='grc'>6</span> <span class='ocrx_word' id='word_1_20' title='bbox 811 704 910 766; x_wconf 88' lang='lat' dir='ltr'>nrulta</span> <span class='ocrx_word' id='word_1_21' title='bbox 925 707 1000 766; x_wconf 90' lang='lat' dir='ltr'>sunt</span> <span class='ocrx_word' id='word_1_22' title='bbox 1016 707 1047 765; x_wconf 90' lang='lat' dir='ltr'>ot</span> <span class='ocrx_word' id='word_1_23' title='bbox 1062 699 1281 786; x_wconf 84' lang='lat' dir='ltr'>improbabilia</span> <span class='ocrx_word' id='word_1_24' title='bbox 1296 723 1314 764; x_wconf 87' lang='lat' dir='ltr'>a</span> <span class='ocrx_word' id='word_1_25' title='bbox 1330 703 1407 764; x_wconf 91' lang='lat' dir='ltr'>viris</span> <span class='ocrx_word' id='word_1_26' title='bbox 1423 701 1522 764; x_wconf 85' lang='lat' dir='ltr'>doctis</span> <span class='ocrx_word' id='word_1_27' title='bbox 1538 705 1700 784; x_wconf 78' lang='lat' dir='ltr'>temptata3</span> <span class='ocrx_word' id='word_1_28' title='bbox 1718 701 1801 784; x_wconf 88' lang='lat' dir='ltr'>quod</span> <span class='ocrx_word' id='word_1_29' title='bbox 1819 719 1881 764; x_wconf 90' lang='lat' dir='ltr'>non</span> <span class='ocrx_word' id='word_1_30' title='bbox 1896 719 1954 783; x_wconf 86' lang='lat' dir='ltr'>ogo</span> <span class='ocrx_word' id='word_1_31' title='bbox 1972 701 2087 782; x_wconf 81' lang='lat' dir='ltr'>solum,</span> <span class='ocrx_word' id='word_1_32' title='bbox 2100 702 2155 764; x_wconf 88' lang='lat' dir='ltr'>sed</span> 
     </span>
     <span class='ocr_line' id='line_1_4' title="bbox 380 811 2155 903; baseline 0.001 -19"><span class='ocrx_word' id='word_1_33' title='bbox 380 824 475 884; x_wconf 87' lang='lat' dir='ltr'>etiam</span> <span class='ocrx_word' id='word_1_34' title='bbox 497 821 714 885; x_wconf 89' lang='lat' dir='ltr'>Buecholoms</span> <span class='ocrx_word' id='word_1_35' title='bbox 735 821 872 883; x_wconf 89' lang='lat' dir='ltr'>coniecit</span> <span class='ocrx_word' id='word_1_36' title='bbox 901 811 971 901; x_wconf 79' lang='grc' dir='ltr'>θύμ’</span> <span class='ocrx_word' id='word_1_37' title='bbox 1009 818 1070 903; x_wconf 73' lang='grc' dir='ltr'>ἐμὲ,</span> <span class='ocrx_word' id='word_1_38' title='bbox 1104 822 1160 882; x_wconf 88' lang='lat' dir='ltr'>vix</span> <span class='ocrx_word' id='word_1_39' title='bbox 1182 819 1256 882; x_wconf 84' lang='lat' dir='ltr'>ferri</span> <span class='ocrx_word' id='word_1_40' title='bbox 1277 827 1392 902; x_wconf 75' lang='lat' dir='ltr'>potest,</span> <span class='ocrx_word' id='word_1_41' title='bbox 1422 821 1497 903; x_wconf 89' lang='lat' dir='ltr'>qnia</span> <span class='ocrx_word' id='word_1_42' title='bbox 1519 822 1566 883; x_wconf 91' lang='lat' dir='ltr'>sic</span> <span class='ocrx_word' id='word_1_43' title='bbox 1587 839 1682 883; x_wconf 88' lang='lat' dir='ltr'>neme</span> <span class='ocrx_word' id='word_1_44' title='bbox 1706 824 1826 883; x_wconf 88' lang='lat' dir='ltr'>amator</span> <span class='ocrx_word' id='word_1_45' title='bbox 1848 820 1977 882; x_wconf 76' lang='lat' dir='ltr'>delicias</span> <span class='ocrx_word' id='word_1_46' title='bbox 2000 839 2076 884; x_wconf 84' lang='lat' dir='ltr'>suas</span> <span class='ocrx_word' id='word_1_47' title='bbox 2100 823 2155 886; x_wconf 89' lang='lat' dir='ltr'>ad-</span> 
     </span>
     <span class='ocr_line' id='line_1_5' title="bbox 377 929 2152 1025; baseline 0 -21"><span class='ocrx_word' id='word_1_48' title='bbox 377 943 464 1024; x_wconf 88' lang='lat' dir='ltr'>loqui</span> <span class='ocrx_word' id='word_1_49' title='bbox 488 940 627 1004; x_wconf 82' lang='lat' dir='ltr'>solebat:</span> <span class='ocrx_word' id='word_1_50' title='bbox 651 941 758 1004; x_wconf 78' lang='lat' dir='ltr'>Caelia</span> <span class='ocrx_word' id='word_1_51' title='bbox 780 940 863 1022; x_wconf 88' lang='lat' dir='ltr'>apud</span> <span class='ocrx_word' id='word_1_52' title='bbox 887 938 1062 1002; x_wconf 76' lang='lat' dir='ltr'>Martialem</span> <span class='ocrx_word' id='word_1_53' title='bbox 1087 938 1127 1018; x_wconf 82' lang='lat' dir='ltr'>(X</span> <span class='ocrx_word' id='word_1_54' title='bbox 1151 942 1202 1017; x_wconf 79' lang='grc'>68)</span> <span class='ocrx_word' id='word_1_55' title='bbox 1221 929 1301 1025; x_wconf 75' lang='grc' dir='ltr'>κύριέ</span> <span class='ocrx_word' id='word_1_56' title='bbox 1323 961 1389 1024; x_wconf 90' lang='grc' dir='ltr'>μου,</span> <span class='ocrx_word' id='word_1_57' title='bbox 1413 939 1482 1024; x_wconf 87' lang='grc' dir='ltr'>μέλι</span> <span class='ocrx_word' id='word_1_58' title='bbox 1504 963 1571 1025; x_wconf 87' lang='grc' dir='ltr'>μου,</span> <span class='ocrx_word' id='word_1_59' title='bbox 1594 930 1675 1024; x_wconf 67' lang='grc' dir='ltr'>ιίρυχίι</span> <span class='ocrx_word' id='word_1_60' title='bbox 1699 961 1755 1024; x_wconf 88' lang='grc' dir='ltr'>μου</span> <span class='ocrx_word' id='word_1_61' title='bbox 1775 941 1903 1022; x_wconf 70' lang='lat' dir='ltr'>conperit</span> <span class='ocrx_word' id='word_1_62' title='bbox 1924 962 2024 1023; x_wconf 81' lang='lat' dir='ltr'>usquc.</span> <span class='ocrx_word' id='word_1_63' title='bbox 2056 938 2152 1004; x_wconf 88' lang='lat' dir='ltr'>Prae·</span> 
     </span>
     <span class='ocr_line' id='line_1_6' title="bbox 378 1060 2153 1143; baseline 0.001 -18"><span class='ocrx_word' id='word_1_64' title='bbox 378 1068 463 1126; x_wconf 87' lang='lat' dir='ltr'>terea</span> <span class='ocrx_word' id='word_1_65' title='bbox 485 1066 590 1125; x_wconf 89' lang='lat' dir='ltr'>autem</span> <span class='ocrx_word' id='word_1_66' title='bbox 623 1065 656 1123; x_wconf 91' lang='lat' dir='ltr'>ut</span> <span class='ocrx_word' id='word_1_67' title='bbox 689 1067 780 1143; x_wconf 89' lang='lat' dir='ltr'>aptus</span> <span class='ocrx_word' id='word_1_68' title='bbox 804 1067 932 1142; x_wconf 88' lang='lat' dir='ltr'>paretur</span> <span class='ocrx_word' id='word_1_69' title='bbox 960 1061 1113 1123; x_wconf 81' lang='lat' dir='ltr'>transitus</span> <span class='ocrx_word' id='word_1_70' title='bbox 1141 1061 1179 1123; x_wconf 90' lang='lat' dir='ltr'>ad</span> <span class='ocrx_word' id='word_1_71' title='bbox 1203 1061 1373 1122; x_wconf 70' lang='lat' dir='ltr'>versum?</span> <span class='ocrx_word' id='word_1_72' title='bbox 1408 1060 1534 1122; x_wconf 86' lang='lat' dir='ltr'>videtur</span> <span class='ocrx_word' id='word_1_73' title='bbox 1567 1060 1644 1123; x_wconf 92' lang='lat' dir='ltr'>mihi</span> <span class='ocrx_word' id='word_1_74' title='bbox 1677 1079 1787 1122; x_wconf 89' lang='lat' dir='ltr'>oscum</span> <span class='ocrx_word' id='word_1_75' title='bbox 1824 1062 1929 1143; x_wconf 91' lang='lat' dir='ltr'>potius</span> <span class='ocrx_word' id='word_1_76' title='bbox 1964 1061 2153 1126; x_wconf 84' lang='lat' dir='ltr'>vocabulum</span> 
     </span>
     <span class='ocr_line' id='line_1_7' title="bbox 373 1175 2153 1264; baseline 0.002 -22"><span class='ocrx_word' id='word_1_77' title='bbox 373 1181 469 1244; x_wconf 88' lang='lat' dir='ltr'>lutorc</span> <span class='ocrx_word' id='word_1_78' title='bbox 502 1183 553 1244; x_wconf 88' lang='lat' dir='ltr'>vol</span> <span class='ocrx_word' id='word_1_79' title='bbox 582 1199 731 1264; x_wconf 85' lang='lat' dir='ltr'>graecum</span> <span class='ocrx_word' id='word_1_80' title='bbox 765 1199 838 1242; x_wconf 88' lang='lat' dir='ltr'>usco</span> <span class='ocrx_word' id='word_1_81' title='bbox 861 1184 1063 1261; x_wconf 81' lang='lat' dir='ltr'>corruptnm3</span> <span class='ocrx_word' id='word_1_82' title='bbox 1095 1179 1210 1240; x_wconf 87' lang='lat' dir='ltr'>liustra</span> <span class='ocrx_word' id='word_1_83' title='bbox 1244 1199 1317 1241; x_wconf 84' lang='lat' dir='ltr'>vero</span> <span class='ocrx_word' id='word_1_84' title='bbox 1349 1198 1445 1261; x_wconf 90' lang='lat' dir='ltr'>quom</span> <span class='ocrx_word' id='word_1_85' title='bbox 1466 1179 1659 1261; x_wconf 85' lang='lat' dir='ltr'>interrogavi</span> <span class='ocrx_word' id='word_1_86' title='bbox 1680 1175 1870 1241; x_wconf 77' lang='lat' dir='ltr'>Francisous</span> <span class='ocrx_word' id='word_1_87' title='bbox 1894 1179 2069 1244; x_wconf 77' lang='lat' dir='ltr'>Buecheler</span> <span class='ocrx_word' id='word_1_88' title='bbox 2091 1181 2153 1244; x_wconf 87' lang='lat' dir='ltr'>tale</span> 
     </span>
     <span class='ocr_line' id='line_1_8' title="bbox 371 1298 2151 1381; baseline 0.001 -19"><span class='ocrx_word' id='word_1_89' title='bbox 371 1299 562 1364; x_wconf 86' lang='lat' dir='ltr'>vocabulum</span> <span class='ocrx_word' id='word_1_90' title='bbox 585 1320 620 1364; x_wconf 88' lang='lat' dir='ltr'>se</span> <span class='ocrx_word' id='word_1_91' title='bbox 642 1301 911 1381; x_wconf 81' lang='lat' dir='ltr'>circumspexisse</span> <span class='ocrx_word' id='word_1_92' title='bbox 934 1298 1104 1381; x_wconf 89' lang='lat' dir='ltr'>respondit.</span> <span class='ocrx_word' id='word_1_93' title='bbox 1144 1299 1216 1361; x_wconf 86' lang='lat' dir='ltr'>Alia</span> <span class='ocrx_word' id='word_1_94' title='bbox 1251 1300 1346 1381; x_wconf 84' lang='lat' dir='ltr'>igitur</span> <span class='ocrx_word' id='word_1_95' title='bbox 1382 1300 1563 1381; x_wconf 89' lang='lat' dir='ltr'>quaerenda</span> <span class='ocrx_word' id='word_1_96' title='bbox 1608 1335 1627 1342; x_wconf 41' lang='grc' dir='ltr'><strong>ψ</strong></span> <span class='ocrx_word' id='word_1_97' title='bbox 1670 1298 1869 1360; x_wconf 76' lang='lat' dir='ltr'>‘lacuminis</span> <span class='ocrx_word' id='word_1_98' title='bbox 1891 1300 1969 1362; x_wconf 86' lang='lat' dir='ltr'>ratio</span> <span class='ocrx_word' id='word_1_99' title='bbox 1992 1303 2071 1364; x_wconf 87' lang='lat' dir='ltr'>satis</span> <span class='ocrx_word' id='word_1_100' title='bbox 2091 1302 2151 1364; x_wconf 85' lang='lat' dir='ltr'>lie-</span> 
     </span>
     <span class='ocr_line' id='line_1_9' title="bbox 377 1410 2143 1504; baseline -0.001 -20"><span class='ocrx_word' id='word_1_101' title='bbox 377 1424 527 1502; x_wconf 87' lang='lat' dir='ltr'>quoutata</span> <span class='ocrx_word' id='word_1_102' title='bbox 549 1421 662 1503; x_wconf 83' lang='lat' dir='ltr'>poetis,</span> <span class='ocrx_word' id='word_1_103' title='bbox 685 1419 774 1482; x_wconf 83' lang='lat' dir='ltr'>velut</span> <span class='ocrx_word' id='word_1_104' title='bbox 794 1418 997 1503; x_wconf 74' lang='lat' dir='ltr'>Asclepiades</span> <span class='ocrx_word' id='word_1_105' title='bbox 1019 1421 1058 1481; x_wconf 77' lang='grc' dir='ltr'>Α.</span> <span class='ocrx_word' id='word_1_106' title='bbox 1082 1417 1117 1480; x_wconf 91' lang='lat' dir='ltr'>P.</span> <span class='ocrx_word' id='word_1_107' title='bbox 1141 1417 1170 1478; x_wconf 86' lang='lat' dir='ltr'>V</span> <span class='ocrx_word' id='word_1_108' title='bbox 1194 1420 1254 1480; x_wconf 88' lang='grc'>210</span> <span class='ocrx_word' id='word_1_109' title='bbox 1273 1423 1298 1479; x_wconf 82' lang='grc' dir='ltr'>εἰ</span> <span class='ocrx_word' id='word_1_110' title='bbox 1320 1410 1355 1478; x_wconf 85' lang='grc' dir='ltr'>δὲ</span> <span class='ocrx_word' id='word_1_111' title='bbox 1374 1419 1509 1502; x_wconf 82' lang='grc' dir='ltr'>μέλαινα,</span> <span class='ocrx_word' id='word_1_112' title='bbox 1542 1419 1572 1480; x_wconf 91' lang='grc' dir='ltr'>τί</span> <span class='ocrx_word' id='word_1_113' title='bbox 1596 1423 1708 1490; x_wconf 74' lang='grc' dir='ltr'>τοῦτος</span> <span class='ocrx_word' id='word_1_114' title='bbox 1741 1419 1791 1479; x_wconf 82' lang='grc' dir='ltr'>καὶ</span> <span class='ocrx_word' id='word_1_115' title='bbox 1813 1413 1974 1504; x_wconf 80' lang='grc' dir='ltr'>ἄνθρακες·</span> <span class='ocrx_word' id='word_1_116' title='bbox 2008 1419 2074 1482; x_wconf 83' lang='grc' dir='ltr'>ἀλλ’</span> <span class='ocrx_word' id='word_1_117' title='bbox 2100 1419 2143 1484; x_wconf 84' lang='grc' dir='ltr'>ὅτ’</span> 
     </span>
     <span class='ocr_line' id='line_1_10' title="bbox 373 1528 2151 1626; baseline 0.001 -26"><span class='ocrx_word' id='word_1_118' title='bbox 373 1539 500 1611; x_wconf 77' lang='grc' dir='ltr'>ἐκείνους</span> <span class='ocrx_word' id='word_1_119' title='bbox 522 1530 700 1623; x_wconf 71' lang='grc' dir='ltr'>θοίλψωμεν,</span> <span class='ocrx_word' id='word_1_120' title='bbox 730 1529 876 1623; x_wconf 78' lang='grc' dir='ltr'>λαμπουσ’</span> <span class='ocrx_word' id='word_1_121' title='bbox 907 1533 947 1611; x_wconf 86' lang='grc' dir='ltr'>ῶς</span> <span class='ocrx_word' id='word_1_122' title='bbox 968 1529 1067 1623; x_wconf 79' lang='grc' dir='ltr'>ρὀδεαι</span> <span class='ocrx_word' id='word_1_123' title='bbox 1089 1528 1232 1614; x_wconf 75' lang='grc' dir='ltr'>κάλυκες,</span> <span class='ocrx_word' id='word_1_124' title='bbox 1263 1537 1425 1622; x_wconf 80' lang='lat' dir='ltr'>Vergilius</span> <span class='ocrx_word' id='word_1_125' title='bbox 1448 1537 1548 1605; x_wconf 85' lang='lat' dir='ltr'>bucol.</span> <span class='ocrx_word' id='word_1_126' title='bbox 1571 1537 1600 1600; x_wconf 90' lang='lat' dir='ltr'>X</span> <span class='ocrx_word' id='word_1_127' title='bbox 1623 1540 1662 1600; x_wconf 88' lang='grc'>33</span> <span class='ocrx_word' id='word_1_128' title='bbox 1685 1539 1759 1622; x_wconf 80' lang='lat' dir='ltr'>quid</span> <span class='ocrx_word' id='word_1_129' title='bbox 1780 1549 1843 1598; x_wconf 84' lang='grc' dir='ltr'>ιιιιιι</span> <span class='ocrx_word' id='word_1_130' title='bbox 1864 1540 1891 1600; x_wconf 75' lang='grc' dir='ltr'>σι’</span> <span class='ocrx_word' id='word_1_131' title='bbox 1903 1540 2011 1622; x_wconf 81' lang='lat' dir='ltr'>fuscus</span> <span class='ocrx_word' id='word_1_132' title='bbox 2034 1543 2151 1626; x_wconf 73' lang='lat' dir='ltr'>rlrnyn·</span> 
     </span>
     <span class='ocr_line' id='line_1_11' title="bbox 370 1657 2149 1742; baseline 0.002 -23"><span class='ocrx_word' id='word_1_133' title='bbox 370 1659 438 1720; x_wconf 74' lang='lat' dir='ltr'>tus?</span> <span class='ocrx_word' id='word_1_134' title='bbox 472 1670 497 1720; x_wconf 83' lang='lat' dir='ltr'>ct</span> <span class='ocrx_word' id='word_1_135' title='bbox 529 1661 633 1742; x_wconf 68' lang='lat' dir='ltr'>caprae</span> <span class='ocrx_word' id='word_1_136' title='bbox 660 1659 753 1720; x_wconf 80' lang='lat' dir='ltr'>ciulac</span> <span class='ocrx_word' id='word_1_137' title='bbox 785 1669 851 1720; x_wconf 78' lang='lat' dir='ltr'>ararat</span> <span class='ocrx_word' id='word_1_138' title='bbox 878 1669 904 1720; x_wconf 84' lang='lat' dir='ltr'>cl</span> <span class='ocrx_word' id='word_1_139' title='bbox 937 1658 1064 1718; x_wconf 79' lang='grc' dir='ltr'>ιιιυοὶιιὶιι</span> <span class='ocrx_word' id='word_1_140' title='bbox 1099 1658 1202 1739; x_wconf 72' lang='lat' dir='ltr'>niqra,</span> <span class='ocrx_word' id='word_1_141' title='bbox 1245 1657 1393 1740; x_wconf 78' lang='lat' dir='ltr'>Sapphus</span> <span class='ocrx_word' id='word_1_142' title='bbox 1417 1658 1571 1741; x_wconf 77' lang='lat' dir='ltr'>epistulae</span> <span class='ocrx_word' id='word_1_143' title='bbox 1595 1679 1624 1724; x_wconf 82' lang='lat' dir='ltr'>v.</span> <span class='ocrx_word' id='word_1_144' title='bbox 1648 1660 1687 1720; x_wconf 84' lang='lat'>35</span> <span class='ocrx_word' id='word_1_145' title='bbox 1710 1677 1756 1741; x_wconf 86' lang='lat' dir='ltr'>sq.</span> <span class='ocrx_word' id='word_1_146' title='bbox 1786 1659 1919 1720; x_wconf 76' lang='lat' dir='ltr'>condida</span> <span class='ocrx_word' id='word_1_147' title='bbox 1946 1661 2149 1738; x_wconf 72' lang='lat' dir='ltr'>siracusam,</span> 
     </span>
     <span class='ocr_line' id='line_1_12' title="bbox 366 1775 2150 1864; baseline 0.004 -26"><span class='ocrx_word' id='word_1_148' title='bbox 366 1776 483 1858; x_wconf 85' lang='lat' dir='ltr'>placuit</span> <span class='ocrx_word' id='word_1_149' title='bbox 510 1776 639 1864; x_wconf 55' lang='lat' dir='ltr'>carteia</span> <span class='ocrx_word' id='word_1_150' title='bbox 668 1777 777 1840; x_wconf 80' lang='lat' dir='ltr'>Perseo</span> <span class='ocrx_word' id='word_1_151' title='bbox 808 1777 1000 1838; x_wconf 78' lang='grc' dir='ltr'>Αιιιίνύιιιυιίυ</span> <span class='ocrx_word' id='word_1_152' title='bbox 1023 1777 1146 1857; x_wconf 81' lang='lat' dir='ltr'>putra&#39;uc</span> <span class='ocrx_word' id='word_1_153' title='bbox 1167 1777 1259 1859; x_wconf 75' lang='lat' dir='ltr'>siracc</span> <span class='ocrx_word' id='word_1_154' title='bbox 1282 1775 1377 1838; x_wconf 84' lang='lat' dir='ltr'>colo-re</span> <span class='ocrx_word' id='word_1_155' title='bbox 1403 1799 1482 1838; x_wconf 77' lang='lat' dir='ltr'>arrae.</span> <span class='ocrx_word' id='word_1_156' title='bbox 1527 1775 1599 1860; x_wconf 87' lang='lat' dir='ltr'>Ipsa</span> <span class='ocrx_word' id='word_1_157' title='bbox 1621 1776 1719 1840; x_wconf 88' lang='lat' dir='ltr'>verba</span> <span class='ocrx_word' id='word_1_158' title='bbox 1740 1778 1816 1860; x_wconf 92' lang='lat' dir='ltr'>quid</span> <span class='ocrx_word' id='word_1_159' title='bbox 1842 1780 2023 1862; x_wconf 85' lang='lat' dir='ltr'>significent</span> <span class='ocrx_word' id='word_1_160' title='bbox 2044 1783 2150 1845; x_wconf 89' lang='lat' dir='ltr'>minus</span> 
     </span>
     <span class='ocr_line' id='line_1_13' title="bbox 371 1895 2150 1980; baseline 0.003 -21"><span class='ocrx_word' id='word_1_161' title='bbox 371 1897 570 1979; x_wconf 81' lang='lat' dir='ltr'>exploratum</span> <span class='ocrx_word' id='word_1_162' title='bbox 593 1905 651 1960; x_wconf 92' lang='lat' dir='ltr'>cst.</span> <span class='ocrx_word' id='word_1_163' title='bbox 694 1896 764 1960; x_wconf 89' lang='lat' dir='ltr'>Hoc</span> <span class='ocrx_word' id='word_1_164' title='bbox 786 1903 860 1960; x_wconf 86' lang='lat' dir='ltr'>anto</span> <span class='ocrx_word' id='word_1_165' title='bbox 882 1898 989 1959; x_wconf 88' lang='lat' dir='ltr'>omnia</span> <span class='ocrx_word' id='word_1_166' title='bbox 1019 1902 1140 1959; x_wconf 88' lang='lat' dir='ltr'>eertum</span> <span class='ocrx_word' id='word_1_167' title='bbox 1159 1903 1253 1980; x_wconf 81' lang='lat' dir='ltr'>puto,</span> <span class='ocrx_word' id='word_1_168' title='bbox 1286 1917 1402 1960; x_wconf 91' lang='lat' dir='ltr'>nomen</span> <span class='ocrx_word' id='word_1_169' title='bbox 1434 1896 1561 1980; x_wconf 87' lang='lat' dir='ltr'>puellae</span> <span class='ocrx_word' id='word_1_170' title='bbox 1583 1895 1709 1960; x_wconf 74' lang='lat' dir='ltr'>Floram</span> <span class='ocrx_word' id='word_1_171' title='bbox 1741 1899 1842 1961; x_wconf 85' lang='lat' dir='ltr'>fuisse</span> <span class='ocrx_word' id='word_1_172' title='bbox 1871 1903 1957 1980; x_wconf 86' lang='lat' dir='ltr'>(uam</span> <span class='ocrx_word' id='word_1_173' title='bbox 1993 1901 2074 1964; x_wconf 86' lang='lat' dir='ltr'>nihil</span> <span class='ocrx_word' id='word_1_174' title='bbox 2097 1904 2150 1964; x_wconf 91' lang='lat' dir='ltr'>tri·</span> 
     </span>
     <span class='ocr_line' id='line_1_14' title="bbox 371 2007 2150 2104; baseline 0.003 -26"><span class='ocrx_word' id='word_1_175' title='bbox 371 2015 535 2079; x_wconf 86' lang='lat' dir='ltr'>huendnm</span> <span class='ocrx_word' id='word_1_176' title='bbox 557 2017 766 2102; x_wconf 83' lang='lat' dir='ltr'>lemmatistao</span> <span class='ocrx_word' id='word_1_177' title='bbox 789 2017 951 2080; x_wconf 89' lang='lat' dir='ltr'>adnotanti</span> <span class='ocrx_word' id='word_1_178' title='bbox 974 2020 1013 2088; x_wconf 83' lang='grc' dir='ltr'>εἰς</span> <span class='ocrx_word' id='word_1_179' title='bbox 1043 2008 1099 2083; x_wconf 70' lang='grc' dir='ltr'>τὴν</span> <span class='ocrx_word' id='word_1_180' title='bbox 1131 2009 1225 2084; x_wconf 68' lang='grc' dir='ltr'>αὐτὴν</span> <span class='ocrx_word' id='word_1_181' title='bbox 1255 2007 1442 2092; x_wconf 73' lang='grc' dir='ltr'>Ξανθίππην,</span> <span class='ocrx_word' id='word_1_182' title='bbox 1475 2016 1513 2079; x_wconf 90' lang='lat' dir='ltr'>ad</span> <span class='ocrx_word' id='word_1_183' title='bbox 1537 2037 1634 2099; x_wconf 89' lang='lat' dir='ltr'>quam</span> <span class='ocrx_word' id='word_1_184' title='bbox 1657 2022 1777 2100; x_wconf 86' lang='lat' dir='ltr'>spectat</span> <span class='ocrx_word' id='word_1_185' title='bbox 1797 2017 1879 2099; x_wconf 89' lang='lat' dir='ltr'>quod</span> <span class='ocrx_word' id='word_1_186' title='bbox 1902 2021 2063 2100; x_wconf 88' lang='lat' dir='ltr'>praecedit</span> <span class='ocrx_word' id='word_1_187' title='bbox 2084 2023 2150 2104; x_wconf 92' lang='lat' dir='ltr'>epi·</span> 
     </span>
     <span class='ocr_line' id='line_1_15' title="bbox 374 2129 2153 2222; baseline 0.002 -24"><span class='ocrx_word' id='word_1_188' title='bbox 374 2141 539 2218; x_wconf 79' lang='lat' dir='ltr'>grammat,</span> <span class='ocrx_word' id='word_1_189' title='bbox 562 2137 617 2200; x_wconf 91' lang='lat' dir='ltr'>sed</span> <span class='ocrx_word' id='word_1_190' title='bbox 640 2138 748 2220; x_wconf 90' lang='lat' dir='ltr'>procul</span> <span class='ocrx_word' id='word_1_191' title='bbox 770 2135 914 2200; x_wconf 90' lang='lat' dir='ltr'>habenda</span> <span class='ocrx_word' id='word_1_192' title='bbox 937 2137 1052 2198; x_wconf 90' lang='lat' dir='ltr'>inscita</span> <span class='ocrx_word' id='word_1_193' title='bbox 1072 2134 1209 2200; x_wconf 77' lang='lat' dir='ltr'>Heclreri</span> <span class='ocrx_word' id='word_1_194' title='bbox 1234 2138 1416 2200; x_wconf 88' lang='lat' dir='ltr'>coniectura</span> <span class='ocrx_word' id='word_1_195' title='bbox 1436 2139 1461 2197; x_wconf 85' lang='grc' dir='ltr'>εί</span> <span class='ocrx_word' id='word_1_196' title='bbox 1483 2129 1513 2196; x_wconf 84' lang='grc' dir='ltr'>δ’</span> <span class='ocrx_word' id='word_1_197' title='bbox 1539 2129 1652 2204; x_wconf 78' lang='grc' dir='ltr'>’θπικθΙ</span> <span class='ocrx_word' id='word_1_198' title='bbox 1674 2147 1741 2210; x_wconf 88' lang='grc' dir='ltr'>παῖς</span> <span class='ocrx_word' id='word_1_199' title='bbox 1762 2137 1885 2222; x_wconf 76' lang='grc' dir='ltr'>Φλῶρε.</span> <span class='ocrx_word' id='word_1_200' title='bbox 1940 2136 2091 2204; x_wconf 81' lang='lat' dir='ltr'>PronIme</span> <span class='ocrx_word' id='word_1_201' title='bbox 2113 2141 2153 2203; x_wconf 88' lang='lat' dir='ltr'>ad</span> 
     </span>
     <span class='ocr_line' id='line_1_16' title="bbox 372 2252 2151 2342; baseline 0.005 -28"><span class='ocrx_word' id='word_1_202' title='bbox 372 2272 482 2316; x_wconf 87' lang='lat' dir='ltr'>verum</span> <span class='ocrx_word' id='word_1_203' title='bbox 507 2256 640 2316; x_wconf 88' lang='lat' dir='ltr'>accessit</span> <span class='ocrx_word' id='word_1_204' title='bbox 661 2253 818 2334; x_wconf 85' lang='lat' dir='ltr'>Huctius,</span> <span class='ocrx_word' id='word_1_205' title='bbox 847 2255 902 2336; x_wconf 89' lang='lat' dir='ltr'>qui</span> <span class='ocrx_word' id='word_1_206' title='bbox 936 2252 1117 2317; x_wconf 81' lang='lat' dir='ltr'>dubitanter</span> <span class='ocrx_word' id='word_1_207' title='bbox 1145 2257 1309 2338; x_wconf 89' lang='lat' dir='ltr'>proposuit</span> <span class='ocrx_word' id='word_1_208' title='bbox 1338 2257 1471 2340; x_wconf 83' lang='grc' dir='ltr'>φλαῦρα;</span> <span class='ocrx_word' id='word_1_209' title='bbox 1502 2255 1585 2338; x_wconf 88' lang='lat' dir='ltr'>quod</span> <span class='ocrx_word' id='word_1_210' title='bbox 1618 2257 1660 2318; x_wconf 90' lang='lat' dir='ltr'>ita</span> <span class='ocrx_word' id='word_1_211' title='bbox 1690 2258 1809 2340; x_wconf 89' lang='lat' dir='ltr'>accipio</span> <span class='ocrx_word' id='word_1_212' title='bbox 1835 2262 1868 2320; x_wconf 90' lang='lat' dir='ltr'>ut</span> <span class='ocrx_word' id='word_1_213' title='bbox 1889 2263 1921 2320; x_wconf 92' lang='lat' dir='ltr'>et</span> <span class='ocrx_word' id='word_1_214' title='bbox 1938 2277 2054 2322; x_wconf 89' lang='lat' dir='ltr'>nomeu</span> <span class='ocrx_word' id='word_1_215' title='bbox 2078 2279 2151 2342; x_wconf 88' lang='lat' dir='ltr'>pro-</span> 
     </span>
     <span class='ocr_line' id='line_1_17' title="bbox 371 2372 2149 2458; baseline 0.001 -22"><span class='ocrx_word' id='word_1_216' title='bbox 371 2375 477 2457; x_wconf 88' lang='lat' dir='ltr'>prium</span> <span class='ocrx_word' id='word_1_217' title='bbox 498 2374 651 2436; x_wconf 79' lang='lat' dir='ltr'>reticeam</span> <span class='ocrx_word' id='word_1_218' title='bbox 674 2377 705 2436; x_wconf 89' lang='lat' dir='ltr'>et</span> <span class='ocrx_word' id='word_1_219' title='bbox 727 2373 871 2436; x_wconf 83' lang='lat' dir='ltr'>traditam</span> <span class='ocrx_word' id='word_1_220' title='bbox 889 2374 1037 2436; x_wconf 86' lang='lat' dir='ltr'>formam:</span> <span class='ocrx_word' id='word_1_221' title='bbox 1061 2379 1156 2436; x_wconf 88' lang='lat' dir='ltr'>notus</span> <span class='ocrx_word' id='word_1_222' title='bbox 1179 2381 1227 2436; x_wconf 90' lang='lat' dir='ltr'>est</span> <span class='ocrx_word' id='word_1_223' title='bbox 1242 2373 1392 2436; x_wconf 89' lang='lat' dir='ltr'>hlestrius</span> <span class='ocrx_word' id='word_1_224' title='bbox 1414 2373 1468 2436; x_wconf 89' lang='lat' dir='ltr'>illo</span> <span class='ocrx_word' id='word_1_225' title='bbox 1482 2372 1594 2436; x_wconf 80' lang='lat' dir='ltr'>Florus</span> <span class='ocrx_word' id='word_1_226' title='bbox 1619 2393 1714 2456; x_wconf 64' lang='lat' dir='ltr'>[luem</span> <span class='ocrx_word' id='word_1_227' title='bbox 1737 2393 1812 2438; x_wconf 90' lang='lat' dir='ltr'>eum</span> <span class='ocrx_word' id='word_1_228' title='bbox 1833 2377 1902 2458; x_wconf 91' lang='lat' dir='ltr'>ipse</span> <span class='ocrx_word' id='word_1_229' title='bbox 1918 2375 2149 2458; x_wconf 85' lang='lat' dir='ltr'>Vespasianum</span> 
     </span>
     <span class='ocr_line' id='line_1_18' title="bbox 371 2492 2148 2580; baseline 0.002 -24"><span class='ocrx_word' id='word_1_230' title='bbox 371 2493 540 2558; x_wconf 83' lang='lat' dir='ltr'>Caesarem</span> <span class='ocrx_word' id='word_1_231' title='bbox 562 2495 718 2557; x_wconf 75' lang='lat' dir='ltr'>vetuisset</span> <span class='ocrx_word' id='word_1_232' title='bbox 742 2493 891 2574; x_wconf 73' lang='lat' dir='ltr'>plocimon</span> <span class='ocrx_word' id='word_1_233' title='bbox 913 2495 1018 2557; x_wconf 79' lang='lat' dir='ltr'>dicore</span> <span class='ocrx_word' id='word_1_234' title='bbox 1041 2513 1097 2576; x_wconf 90' lang='lat' dir='ltr'>pro</span> <span class='ocrx_word' id='word_1_235' title='bbox 1125 2492 1282 2573; x_wconf 76' lang='lat' dir='ltr'>plausu-o,</span> <span class='ocrx_word' id='word_1_236' title='bbox 1316 2499 1442 2574; x_wconf 85' lang='lat' dir='ltr'>postero</span> <span class='ocrx_word' id='word_1_237' title='bbox 1466 2492 1517 2556; x_wconf 93' lang='lat' dir='ltr'>die</span> <span class='ocrx_word' id='word_1_238' title='bbox 1540 2495 1710 2574; x_wconf 89' lang='lat' dir='ltr'>imperator</span> <span class='ocrx_word' id='word_1_239' title='bbox 1730 2493 1881 2556; x_wconf 76' lang='lat' dir='ltr'>hiumam</span> <span class='ocrx_word' id='word_1_240' title='bbox 1902 2495 2071 2579; x_wconf 78' lang='lat' dir='ltr'>appellarit</span> <span class='ocrx_word' id='word_1_241' title='bbox 2091 2516 2148 2580; x_wconf 90' lang='lat' dir='ltr'>pro</span> 
     </span>
     <span class='ocr_line' id='line_1_19' title="bbox 372 2610 2147 2697; baseline 0.001 -22"><span class='ocrx_word' id='word_1_242' title='bbox 372 2613 475 2675; x_wconf 74' lang='lat' dir='ltr'>rura.</span> <span class='ocrx_word' id='word_1_243' title='bbox 523 2611 645 2677; x_wconf 87' lang='lat' dir='ltr'>locatur</span> <span class='ocrx_word' id='word_1_244' title='bbox 677 2615 774 2697; x_wconf 81' lang='lat' dir='ltr'>igitur</span> <span class='ocrx_word' id='word_1_245' title='bbox 796 2611 1002 2676; x_wconf 89' lang='lat' dir='ltr'>Philodemus</span> <span class='ocrx_word' id='word_1_246' title='bbox 1035 2615 1069 2676; x_wconf 94' lang='lat' dir='ltr'>in</span> <span class='ocrx_word' id='word_1_247' title='bbox 1093 2613 1237 2691; x_wconf 81' lang='lat' dir='ltr'>nominc,</span> <span class='ocrx_word' id='word_1_248' title='bbox 1273 2614 1355 2674; x_wconf 84' lang='lat' dir='ltr'>sicut</span> <span class='ocrx_word' id='word_1_249' title='bbox 1380 2613 1453 2674; x_wconf 84' lang='lat' dir='ltr'>lecit</span> <span class='ocrx_word' id='word_1_250' title='bbox 1475 2613 1569 2674; x_wconf 90' lang='lat' dir='ltr'>etiam</span> <span class='ocrx_word' id='word_1_251' title='bbox 1601 2610 1759 2676; x_wconf 88' lang='lat' dir='ltr'>Leonidas</span> <span class='ocrx_word' id='word_1_252' title='bbox 1793 2615 1825 2676; x_wconf 92' lang='lat' dir='ltr'>in</span> <span class='ocrx_word' id='word_1_253' title='bbox 1850 2611 2002 2677; x_wconf 88' lang='lat' dir='ltr'>hleinekii</span> <span class='ocrx_word' id='word_1_254' title='bbox 2024 2614 2147 2678; x_wconf 92' lang='lat' dir='ltr'>delectu</span> 
     </span>
     <span class='ocr_line' id='line_1_20' title="bbox 370 2723 2141 2818; baseline 0.002 -24"><span class='ocrx_word' id='word_1_255' title='bbox 370 2753 399 2816; x_wconf 94' lang='lat' dir='ltr'>p.</span> <span class='ocrx_word' id='word_1_256' title='bbox 425 2733 465 2796; x_wconf 73' lang='lat'>39</span> <span class='ocrx_word' id='word_1_257' title='bbox 488 2735 583 2817; x_wconf 84' lang='lat' dir='ltr'>epigr.</span> <span class='ocrx_word' id='word_1_258' title='bbox 611 2735 665 2796; x_wconf 90' lang='grc'>61;</span> <span class='ocrx_word' id='word_1_259' title='bbox 702 2727 844 2818; x_wconf 79' lang='grc' dir='ltr'>Εὔθυμος</span> <span class='ocrx_word' id='word_1_260' title='bbox 866 2729 908 2793; x_wconf 85' lang='grc' dir='ltr'>ῶν</span> <span class='ocrx_word' id='word_1_261' title='bbox 927 2735 1025 2818; x_wconf 83' lang='grc' dir='ltr'>ἔρεσσε</span> <span class='ocrx_word' id='word_1_262' title='bbox 1047 2727 1103 2801; x_wconf 64' lang='grc' dir='ltr'>τὴν</span> <span class='ocrx_word' id='word_1_263' title='bbox 1125 2729 1167 2792; x_wconf 78' lang='grc' dir='ltr'>ἐπ’</span> <span class='ocrx_word' id='word_1_264' title='bbox 1193 2723 1288 2804; x_wconf 87' lang='grc' dir='ltr'>Ἀίδος</span> <span class='ocrx_word' id='word_1_265' title='bbox 1312 2727 1445 2817; x_wconf 84' lang='grc' dir='ltr'>ἀταρπὸν</span> <span class='ocrx_word' id='word_1_266' title='bbox 1466 2730 1578 2815; x_wconf 83' lang='grc' dir='ltr'>ἕρπων;</span> <span class='ocrx_word' id='word_1_267' title='bbox 1602 2733 1676 2794; x_wconf 85' lang='lat' dir='ltr'>itam</span> <span class='ocrx_word' id='word_1_268' title='bbox 1699 2731 1734 2793; x_wconf 92' lang='lat' dir='ltr'>iu</span> <span class='ocrx_word' id='word_1_269' title='bbox 1756 2731 1926 2814; x_wconf 84' lang='lat' dir='ltr'>epitaphio,</span> <span class='ocrx_word' id='word_1_270' title='bbox 1948 2734 2034 2816; x_wconf 90' lang='lat' dir='ltr'>quud</span> <span class='ocrx_word' id='word_1_271' title='bbox 2060 2735 2141 2798; x_wconf 85' lang='lat' dir='ltr'>edidi</span> 
     </span>
     <span class='ocr_line' id='line_1_21' title="bbox 370 2843 2148 2937; baseline 0 -21"><span class='ocrx_word' id='word_1_272' title='bbox 370 2855 468 2937; x_wconf 83' lang='lat' dir='ltr'>epigr.</span> <span class='ocrx_word' id='word_1_273' title='bbox 489 2874 534 2937; x_wconf 80' lang='lat' dir='ltr'>gr.</span> <span class='ocrx_word' id='word_1_274' title='bbox 558 2853 619 2916; x_wconf 84' lang='lat'>615</span> <span class='ocrx_word' id='word_1_275' title='bbox 642 2857 714 2914; x_wconf 84' lang='grc' dir='ltr'>πᾶσι</span> <span class='ocrx_word' id='word_1_276' title='bbox 735 2852 868 2924; x_wconf 76' lang='grc' dir='ltr'>Φίλητος</span> <span class='ocrx_word' id='word_1_277' title='bbox 897 2843 984 2936; x_wconf 60' lang='grc' dir='ltr'>ἀνὴρ,</span> <span class='ocrx_word' id='word_1_278' title='bbox 1018 2851 1054 2913; x_wconf 89' lang='lat' dir='ltr'>cl&#39;.</span> <span class='ocrx_word' id='word_1_279' title='bbox 1079 2850 1154 2913; x_wconf 90' lang='lat' dir='ltr'>ibid.</span> <span class='ocrx_word' id='word_1_280' title='bbox 1181 2853 1252 2930; x_wconf 80' lang='lat'>502,</span> <span class='ocrx_word' id='word_1_281' title='bbox 1278 2851 1327 2930; x_wconf 89' lang='grc'>11,</span> <span class='ocrx_word' id='word_1_282' title='bbox 1351 2848 1405 2912; x_wconf 91' lang='lat' dir='ltr'>ubi</span> <span class='ocrx_word' id='word_1_283' title='bbox 1427 2850 1486 2913; x_wconf 92' lang='lat' dir='ltr'>boc</span> <span class='ocrx_word' id='word_1_284' title='bbox 1508 2851 1599 2912; x_wconf 89' lang='lat' dir='ltr'>lusus</span> <span class='ocrx_word' id='word_1_285' title='bbox 1619 2866 1737 2932; x_wconf 85' lang='lat' dir='ltr'>genere</span> <span class='ocrx_word' id='word_1_286' title='bbox 1760 2851 1873 2913; x_wconf 89' lang='lat' dir='ltr'>inscite</span> <span class='ocrx_word' id='word_1_287' title='bbox 1896 2849 2036 2916; x_wconf 88' lang='lat' dir='ltr'>abutitur</span> <span class='ocrx_word' id='word_1_288' title='bbox 2056 2861 2148 2937; x_wconf 86' lang='lat' dir='ltr'>poeta</span> 
     </span>
     <span class='ocr_line' id='line_1_22' title="bbox 370 2969 2147 3056; baseline 0.002 -22"><span class='ocrx_word' id='word_1_289' title='bbox 370 2975 620 3036; x_wconf 88' lang='lat' dir='ltr'>recentissimus.</span> <span class='ocrx_word' id='word_1_290' title='bbox 677 2972 846 3047; x_wconf 79' lang='lat' dir='ltr'>Quaeritur</span> <span class='ocrx_word' id='word_1_291' title='bbox 866 2972 942 3054; x_wconf 88' lang='lat' dir='ltr'>qnid</span> <span class='ocrx_word' id='word_1_292' title='bbox 967 2973 1008 3034; x_wconf 90' lang='lat' dir='ltr'>sit</span> <span class='ocrx_word' id='word_1_293' title='bbox 1030 2972 1136 3056; x_wconf 86' lang='grc' dir='ltr'>φλῶρα</span> <span class='ocrx_word' id='word_1_294' title='bbox 1159 2971 1227 3032; x_wconf 86' lang='lat' dir='ltr'>siro</span> <span class='ocrx_word' id='word_1_295' title='bbox 1259 2972 1392 3054; x_wconf 74' lang='grc' dir='ltr'>φλαῦραι</span> <span class='ocrx_word' id='word_1_296' title='bbox 1426 2969 1564 3049; x_wconf 86' lang='lat' dir='ltr'>syllabas</span> <span class='ocrx_word' id='word_1_297' title='bbox 1591 2971 1619 3032; x_wconf 88' lang='lat' dir='ltr'>si</span> <span class='ocrx_word' id='word_1_298' title='bbox 1640 2971 1800 3050; x_wconf 81' lang='lat' dir='ltr'>metiaris,</span> <span class='ocrx_word' id='word_1_299' title='bbox 1834 2970 1988 3055; x_wconf 88' lang='lat' dir='ltr'>pluralem</span> <span class='ocrx_word' id='word_1_300' title='bbox 2016 2973 2147 3037; x_wconf 87' lang='lat' dir='ltr'>formam</span> 
     </span>
     <span class='ocr_line' id='line_1_23' title="bbox 370 3081 2147 3176; baseline 0.001 -22"><span class='ocrx_word' id='word_1_301' title='bbox 370 3109 442 3154; x_wconf 86' lang='lat' dir='ltr'>osse</span> <span class='ocrx_word' id='word_1_302' title='bbox 464 3090 602 3173; x_wconf 77' lang='lat' dir='ltr'>putabiS,</span> <span class='ocrx_word' id='word_1_303' title='bbox 624 3096 659 3154; x_wconf 91' lang='lat' dir='ltr'>ut</span> <span class='ocrx_word' id='word_1_304' title='bbox 681 3093 722 3154; x_wconf 90' lang='lat' dir='ltr'>sit</span> <span class='ocrx_word' id='word_1_305' title='bbox 745 3092 795 3154; x_wconf 93' lang='lat' dir='ltr'>hic</span> <span class='ocrx_word' id='word_1_306' title='bbox 811 3091 981 3156; x_wconf 84' lang='lat' dir='ltr'>vorborum</span> <span class='ocrx_word' id='word_1_307' title='bbox 997 3091 1072 3153; x_wconf 89' lang='lat' dir='ltr'>ordo</span> <span class='ocrx_word' id='word_1_308' title='bbox 1093 3092 1142 3152; x_wconf 80' lang='lat' dir='ltr'>aad</span> <span class='ocrx_word' id='word_1_309' title='bbox 1164 3093 1283 3176; x_wconf 83' lang='grc' dir='ltr'>φλαῦρα</span> <span class='ocrx_word' id='word_1_310' title='bbox 1303 3091 1353 3152; x_wconf 84' lang='grc' dir='ltr'>καὶ</span> <span class='ocrx_word' id='word_1_311' title='bbox 1373 3088 1427 3152; x_wconf 80' lang='grc' dir='ltr'>οὐκ</span> <span class='ocrx_word' id='word_1_312' title='bbox 1446 3081 1561 3152; x_wconf 77' lang='grc' dir='ltr'>ἄδουσα</span> <span class='ocrx_word' id='word_1_313' title='bbox 1581 3085 1622 3151; x_wconf 80' lang='grc' dir='ltr'>τὰ</span> <span class='ocrx_word' id='word_1_314' title='bbox 1642 3090 1795 3175; x_wconf 82' lang='grc' dir='ltr'>Σαπφοῦς,</span> <span class='ocrx_word' id='word_1_315' title='bbox 1820 3112 1883 3175; x_wconf 85' lang='lat' dir='ltr'>qua</span> <span class='ocrx_word' id='word_1_316' title='bbox 1904 3093 2026 3156; x_wconf 87' lang='lat' dir='ltr'>rationo</span> <span class='ocrx_word' id='word_1_317' title='bbox 2042 3097 2147 3158; x_wconf 90' lang='lat' dir='ltr'>omnis</span> 
     </span>
     <span class='ocr_line' id='line_1_24' title="bbox 376 3210 2147 3294; baseline 0.003 -22"><span class='ocrx_word' id='word_1_318' title='bbox 376 3212 506 3293; x_wconf 86' lang='lat' dir='ltr'>perierit</span> <span class='ocrx_word' id='word_1_319' title='bbox 526 3211 633 3291; x_wconf 88' lang='lat' dir='ltr'>lusus;</span> <span class='ocrx_word' id='word_1_320' title='bbox 655 3215 791 3294; x_wconf 85' lang='lat' dir='ltr'>praestat</span> <span class='ocrx_word' id='word_1_321' title='bbox 813 3217 849 3274; x_wconf 93' lang='lat' dir='ltr'>nt</span> <span class='ocrx_word' id='word_1_322' title='bbox 873 3210 1092 3274; x_wconf 83' lang='lat' dir='ltr'>Philodamum</span> <span class='ocrx_word' id='word_1_323' title='bbox 1110 3229 1219 3274; x_wconf 91' lang='lat' dir='ltr'>sumas</span> <span class='ocrx_word' id='word_1_324' title='bbox 1240 3213 1273 3272; x_wconf 94' lang='lat' dir='ltr'>in</span> <span class='ocrx_word' id='word_1_325' title='bbox 1290 3211 1381 3274; x_wconf 89' lang='lat' dir='ltr'>lusus</span> <span class='ocrx_word' id='word_1_326' title='bbox 1392 3212 1524 3294; x_wconf 82' lang='lat' dir='ltr'>gratiam</span> <span class='ocrx_word' id='word_1_327' title='bbox 1542 3231 1606 3274; x_wconf 90' lang='lat' dir='ltr'>non</span> <span class='ocrx_word' id='word_1_328' title='bbox 1622 3215 1685 3274; x_wconf 89' lang='lat' dir='ltr'>tam</span> <span class='ocrx_word' id='word_1_329' title='bbox 1702 3213 1814 3276; x_wconf 87' lang='lat' dir='ltr'>acriter</span> <span class='ocrx_word' id='word_1_330' title='bbox 1830 3212 1962 3293; x_wconf 87' lang='lat' dir='ltr'>syllabis</span> <span class='ocrx_word' id='word_1_331' title='bbox 1977 3216 2147 3277; x_wconf 88' lang='lat' dir='ltr'>metiendis</span> 
     </span>
     <span class='ocr_line' id='line_1_25' title="bbox 371 3319 2148 3414; baseline 0.001 -20"><span class='ocrx_word' id='word_1_332' title='bbox 371 3333 542 3395; x_wconf 88' lang='lat' dir='ltr'>institisse:</span> <span class='ocrx_word' id='word_1_333' title='bbox 576 3329 674 3392; x_wconf 75' lang='lat' dir='ltr'>Flora</span> <span class='ocrx_word' id='word_1_334' title='bbox 708 3350 825 3394; x_wconf 93' lang='lat' dir='ltr'>nomen</span> <span class='ocrx_word' id='word_1_335' title='bbox 849 3329 977 3393; x_wconf 90' lang='lat' dir='ltr'>brevem</span> <span class='ocrx_word' id='word_1_336' title='bbox 999 3329 1092 3394; x_wconf 88' lang='lat' dir='ltr'>habet</span> <span class='ocrx_word' id='word_1_337' title='bbox 1113 3331 1274 3412; x_wconf 76' lang='lat' dir='ltr'>ultimam,</span> <span class='ocrx_word' id='word_1_338' title='bbox 1308 3331 1437 3413; x_wconf 84' lang='lat' dir='ltr'>longam</span> <span class='ocrx_word' id='word_1_339' title='bbox 1462 3319 1579 3414; x_wconf 75' lang='lat' dir='ltr'>phadpa</span> <span class='ocrx_word' id='word_1_340' title='bbox 1600 3329 1800 3395; x_wconf 87' lang='lat' dir='ltr'>adiectivnm.</span> <span class='ocrx_word' id='word_1_341' title='bbox 1844 3329 1911 3394; x_wconf 88' lang='lat' dir='ltr'>Nee</span> <span class='ocrx_word' id='word_1_342' title='bbox 1934 3333 2012 3395; x_wconf 92' lang='lat' dir='ltr'>illud</span> <span class='ocrx_word' id='word_1_343' title='bbox 2035 3333 2074 3396; x_wconf 87' lang='lat' dir='ltr'>ad</span> <span class='ocrx_word' id='word_1_344' title='bbox 2097 3352 2148 3396; x_wconf 87' lang='lat' dir='ltr'>sc·</span> 
     </span>
    </p>
   </div>
   <div class='ocr_carea' id='block_1_3' title="bbox 370 3435 2147 3534">
    <p class='ocr_par' dir='ltr' id='par_1_3' title="bbox 370 3435 2147 3534">
     <span class='ocr_line' id='line_1_26' title="bbox 370 3435 2147 3534; baseline -0.001 -19"><span class='ocrx_word' id='word_1_345' title='bbox 370 3453 526 3515; x_wconf 84' lang='lat' dir='ltr'>veriorem</span> <span class='ocrx_word' id='word_1_346' title='bbox 548 3449 673 3513; x_wconf 90' lang='lat' dir='ltr'>dicendi</span> <span class='ocrx_word' id='word_1_347' title='bbox 695 3451 798 3533; x_wconf 83' lang='lat' dir='ltr'>legem</span> <span class='ocrx_word' id='word_1_348' title='bbox 820 3449 1015 3532; x_wconf 84' lang='lat' dir='ltr'>exigendum</span> <span class='ocrx_word' id='word_1_349' title='bbox 1039 3451 1108 3530; x_wconf 88' lang='lat' dir='ltr'>erit,</span> <span class='ocrx_word' id='word_1_350' title='bbox 1131 3450 1215 3532; x_wconf 90' lang='lat' dir='ltr'>qnod</span> <span class='ocrx_word' id='word_1_351' title='bbox 1236 3469 1300 3513; x_wconf 90' lang='lat' dir='ltr'>nou</span> <span class='ocrx_word' id='word_1_352' title='bbox 1323 3449 1413 3512; x_wconf 89' lang='lat' dir='ltr'>l&#39;aoile</span> <span class='ocrx_word' id='word_1_353' title='bbox 1430 3449 1568 3534; x_wconf 83' lang='grc' dir='ltr'>Φλαῡρος</span> <span class='ocrx_word' id='word_1_354' title='bbox 1590 3449 1683 3512; x_wconf 92' lang='lat' dir='ltr'>homo</span> <span class='ocrx_word' id='word_1_355' title='bbox 1702 3469 1815 3534; x_wconf 86' lang='lat' dir='ltr'>graeco</span> <span class='ocrx_word' id='word_1_356' title='bbox 1835 3450 1950 3514; x_wconf 87' lang='lat' dir='ltr'>dieitur</span> <span class='ocrx_word' id='word_1_357' title='bbox 1965 3453 2026 3515; x_wconf 86' lang='lat' dir='ltr'>nisi</span> <span class='ocrx_word' id='word_1_358' title='bbox 2042 3435 2084 3514; x_wconf 56' lang='lat' dir='ltr'>&#39;nt</span> <span class='ocrx_word' id='word_1_359' title='bbox 2105 3453 2147 3514; x_wconf 86' lang='lat' dir='ltr'>sit</span> 
     </span>
    </p>
   </div>
   <div class='ocr_carea' id='block_1_4' title="bbox 368 3569 2146 3892">
    <p class='ocr_par' dir='ltr' id='par_1_4' title="bbox 368 3569 2146 3892">
     <span class='ocr_line' id='line_1_27' title="bbox 370 3569 2146 3662; baseline 0.001 -31"><span class='ocrx_word' id='word_1_360' title='bbox 370 3571 473 3634; x_wconf 67' lang='lat' dir='ltr'>(labilis</span> <span class='ocrx_word' id='word_1_361' title='bbox 495 3571 546 3634; x_wconf 87' lang='lat' dir='ltr'>vel</span> <span class='ocrx_word' id='word_1_362' title='bbox 569 3572 665 3652; x_wconf 74' lang='lat' dir='ltr'>anapia</span> <span class='ocrx_word' id='word_1_363' title='bbox 687 3572 843 3662; x_wconf 66' lang='lat' dir='ltr'>adspmuu</span> <span class='ocrx_word' id='word_1_364' title='bbox 876 3578 1024 3634; x_wconf 89' lang='lat' dir='ltr'>nentrum</span> <span class='ocrx_word' id='word_1_365' title='bbox 1045 3589 1119 3632; x_wconf 90' lang='lat' dir='ltr'>oum</span> <span class='ocrx_word' id='word_1_366' title='bbox 1141 3569 1187 3632; x_wconf 90' lang='lat' dir='ltr'>illi</span> <span class='ocrx_word' id='word_1_367' title='bbox 1208 3569 1333 3651; x_wconf 87' lang='lat' dir='ltr'>puellae</span> <span class='ocrx_word' id='word_1_368' title='bbox 1355 3573 1462 3652; x_wconf 90' lang='lat' dir='ltr'>aptum</span> <span class='ocrx_word' id='word_1_369' title='bbox 1485 3569 1536 3649; x_wconf 87' lang='lat' dir='ltr'>sit,</span> <span class='ocrx_word' id='word_1_370' title='bbox 1566 3569 1780 3652; x_wconf 84' lang='lat' dir='ltr'>intellegenda</span> <span class='ocrx_word' id='word_1_371' title='bbox 1802 3571 1909 3653; x_wconf 90' lang='lat' dir='ltr'>potius</span> <span class='ocrx_word' id='word_1_372' title='bbox 1931 3571 2024 3635; x_wconf 80' lang='lat' dir='ltr'>Flora</span> <span class='ocrx_word' id='word_1_373' title='bbox 2050 3573 2146 3652; x_wconf 76' lang='lat' dir='ltr'>inepte</span> 
     </span>
     <span class='ocr_line' id='line_1_28' title="bbox 368 3679 1555 3775; baseline -0.003 -23"><span class='ocrx_word' id='word_1_374' title='bbox 368 3692 504 3772; x_wconf 74' lang='lat' dir='ltr'>pum-iens</span> <span class='ocrx_word' id='word_1_375' title='bbox 526 3700 551 3751; x_wconf 83' lang='lat' dir='ltr'>et</span> <span class='ocrx_word' id='word_1_376' title='bbox 571 3690 742 3766; x_wconf 68' lang='lat' dir='ltr'>calamiae,</span> <span class='ocrx_word' id='word_1_377' title='bbox 755 3697 869 3775; x_wconf 72' lang='lat' dir='ltr'>&#39;utpote</span> <span class='ocrx_word' id='word_1_378' title='bbox 892 3690 988 3768; x_wconf 89' lang='lat' dir='ltr'>Osca;</span> <span class='ocrx_word' id='word_1_379' title='bbox 1012 3709 1085 3751; x_wconf 91' lang='lat' dir='ltr'>nam</span> <span class='ocrx_word' id='word_1_380' title='bbox 1107 3680 1248 3762; x_wconf 77' lang='grc' dir='ltr'>ὀπικίζειν</span> <span class='ocrx_word' id='word_1_381' title='bbox 1276 3690 1294 3751; x_wconf 93' lang='lat' dir='ltr'>i.</span> <span class='ocrx_word' id='word_1_382' title='bbox 1317 3709 1345 3771; x_wconf 91' lang='lat' dir='ltr'>q.</span> <span class='ocrx_word' id='word_1_383' title='bbox 1364 3679 1555 3773; x_wconf 78' lang='grc' dir='ltr'>βαρβαρίζειν.</span> 
     </span>
     <span class='ocr_line' id='line_1_29' title="bbox 543 3799 1178 3892; baseline -0.008 -17"><span class='ocrx_word' id='word_1_384' title='bbox 543 3809 624 3875; x_wconf 82' lang='lat' dir='ltr'>XVI</span> <span class='ocrx_word' id='word_1_385' title='bbox 668 3813 763 3875; x_wconf 84' lang='lat' dir='ltr'>Auth.</span> <span class='ocrx_word' id='word_1_386' title='bbox 787 3810 852 3875; x_wconf 88' lang='lat' dir='ltr'>Pal.</span> <span class='ocrx_word' id='word_1_387' title='bbox 877 3809 906 3872; x_wconf 89' lang='lat' dir='ltr'>V</span> <span class='ocrx_word' id='word_1_388' title='bbox 931 3811 970 3873; x_wconf 85' lang='lat'>13</span> <span class='ocrx_word' id='word_1_389' title='bbox 992 3799 1178 3892; x_wconf 65' lang='lat' dir='ltr'>uarat-ipos.</span> 
     </span>
    </p>
   </div>
   <div class='ocr_carea' id='block_1_5' title="bbox 770 3990 1681 4806">
    <p class='ocr_par' dir='ltr' id='par_1_5' title="bbox 770 3990 1681 4806">
     <span class='ocr_line' id='line_1_30' title="bbox 830 3990 1604 4084; baseline -0.001 -23"><span class='ocrx_word' id='word_1_390' title='bbox 830 3990 1004 4074; x_wconf 73' lang='grc' dir='ltr'>Ἓξήκοντα</span> <span class='ocrx_word' id='word_1_391' title='bbox 1026 4003 1111 4062; x_wconf 82' lang='grc' dir='ltr'>τελεῖ</span> <span class='ocrx_word' id='word_1_392' title='bbox 1132 3992 1257 4084; x_wconf 72' lang='grc' dir='ltr'>,λαριτῶ</span> <span class='ocrx_word' id='word_1_393' title='bbox 1277 3990 1497 4078; x_wconf 81' lang='grc' dir='ltr'>λυκαβαντίδοις</span> <span class='ocrx_word' id='word_1_394' title='bbox 1518 3996 1604 4084; x_wconf 88' lang='grc' dir='ltr'>ῶρας,</span> 
     </span>
     <span class='ocr_line' id='line_1_31' title="bbox 898 4109 1604 4204; baseline 0 -24"><span class='ocrx_word' id='word_1_395' title='bbox 898 4117 963 4182; x_wconf 81' lang='grc' dir='ltr'>ἀλλ’</span> <span class='ocrx_word' id='word_1_396' title='bbox 994 4124 1039 4182; x_wconf 83' lang='grc' dir='ltr'>ἐτι</span> <span class='ocrx_word' id='word_1_397' title='bbox 1060 4119 1193 4181; x_wconf 84' lang='grc' dir='ltr'>κυανέων</span> <span class='ocrx_word' id='word_1_398' title='bbox 1216 4109 1312 4204; x_wconf 77' lang='grc' dir='ltr'>συρμα</span> <span class='ocrx_word' id='word_1_399' title='bbox 1334 4116 1413 4201; x_wconf 84' lang='grc' dir='ltr'>μένει</span> <span class='ocrx_word' id='word_1_400' title='bbox 1430 4110 1604 4202; x_wconf 73' lang='grc' dir='ltr'>πλοκάμων,</span> 
     </span>
     <span class='ocr_line' id='line_1_32' title="bbox 838 4227 1681 4326; baseline -0.002 -26"><span class='ocrx_word' id='word_1_401' title='bbox 838 4237 893 4301; x_wconf 83' lang='grc' dir='ltr'>κάν</span> <span class='ocrx_word' id='word_1_402' title='bbox 915 4240 1043 4326; x_wconf 83' lang='grc' dir='ltr'>στέρνοις</span> <span class='ocrx_word' id='word_1_403' title='bbox 1065 4244 1110 4302; x_wconf 83' lang='grc' dir='ltr'>ἔτι</span> <span class='ocrx_word' id='word_1_404' title='bbox 1132 4250 1212 4302; x_wconf 89' lang='grc' dir='ltr'>κεῖνα</span> <span class='ocrx_word' id='word_1_405' title='bbox 1234 4232 1275 4299; x_wconf 82' lang='grc' dir='ltr'>τὰ</span> <span class='ocrx_word' id='word_1_406' title='bbox 1293 4227 1418 4321; x_wconf 72' lang='grc' dir='ltr'>λθγδινα</span> <span class='ocrx_word' id='word_1_407' title='bbox 1441 4237 1533 4300; x_wconf 82' lang='grc' dir='ltr'>κωνία</span> <span class='ocrx_word' id='word_1_408' title='bbox 1555 4243 1681 4321; x_wconf 84' lang='grc' dir='ltr'>μαστῶν</span> 
     </span>
     <span class='ocr_line' id='line_1_33' title="bbox 898 4347 1518 4444; baseline -0.008 -21"><span class='ocrx_word' id='word_1_409' title='bbox 898 4361 1031 4436; x_wconf 76' lang='grc' dir='ltr'>ἕστηκεν,</span> <span class='ocrx_word' id='word_1_410' title='bbox 1056 4359 1157 4444; x_wconf 80' lang='grc' dir='ltr'>μίτρης</span> <span class='ocrx_word' id='word_1_411' title='bbox 1177 4352 1275 4444; x_wconf 80' lang='grc' dir='ltr'>γυμνὰ</span> <span class='ocrx_word' id='word_1_412' title='bbox 1296 4347 1518 4440; x_wconf 72' lang='grc' dir='ltr'>περιδρομκκδος,</span> 
     </span>
     <span class='ocr_line' id='line_1_34' title="bbox 770 4470 1660 4566; baseline -0.001 -24"><span class='ocrx_word' id='word_1_413' title='bbox 770 4484 789 4542; x_wconf 84' lang='grc'>5</span> <span class='ocrx_word' id='word_1_414' title='bbox 833 4482 883 4542; x_wconf 90' lang='grc' dir='ltr'>καὶ</span> <span class='ocrx_word' id='word_1_415' title='bbox 903 4475 983 4566; x_wconf 67' lang='grc' dir='ltr'>χρὼς</span> <span class='ocrx_word' id='word_1_416' title='bbox 1003 4470 1203 4565; x_wconf 83' lang='grc' dir='ltr'>ἀρρυτίδωτος</span> <span class='ocrx_word' id='word_1_417' title='bbox 1225 4473 1264 4539; x_wconf 81' lang='grc' dir='ltr'>ἔτ’</span> <span class='ocrx_word' id='word_1_418' title='bbox 1291 4474 1460 4563; x_wconf 82' lang='grc' dir='ltr'>ἀμβροσίην,</span> <span class='ocrx_word' id='word_1_419' title='bbox 1484 4480 1528 4538; x_wconf 77' lang='grc' dir='ltr'>ἔτι</span> <span class='ocrx_word' id='word_1_420' title='bbox 1550 4471 1660 4559; x_wconf 80' lang='grc' dir='ltr'>πειθώ,</span> 
     </span>
     <span class='ocr_line' id='line_1_35' title="bbox 896 4590 1531 4685; baseline -0.008 -22"><span class='ocrx_word' id='word_1_421' title='bbox 896 4605 954 4674; x_wconf 81' lang='grc' dir='ltr'>πᾶς</span> <span class='ocrx_word' id='word_1_422' title='bbox 972 4596 1011 4660; x_wconf 83' lang='grc' dir='ltr'>ἔτ’</span> <span class='ocrx_word' id='word_1_423' title='bbox 1038 4591 1204 4673; x_wconf 77' lang='grc' dir='ltr'>ἀποστάζει</span> <span class='ocrx_word' id='word_1_424' title='bbox 1227 4590 1370 4685; x_wconf 72' lang='grc' dir='ltr'>μυριάδας</span> <span class='ocrx_word' id='word_1_425' title='bbox 1391 4597 1531 4683; x_wconf 83' lang='grc' dir='ltr'>χαρίτων.</span> 
     </span>
     <span class='ocr_line' id='line_1_36' title="bbox 830 4709 1680 4806; baseline 0.002 -25"><span class='ocrx_word' id='word_1_426' title='bbox 830 4715 911 4782; x_wconf 79' lang='grc' dir='ltr'>ἀλλὰ</span> <span class='ocrx_word' id='word_1_427' title='bbox 932 4711 1047 4793; x_wconf 82' lang='grc' dir='ltr'>πόθους</span> <span class='ocrx_word' id='word_1_428' title='bbox 1069 4718 1221 4805; x_wconf 80' lang='grc' dir='ltr'>ὀργῶντας</span> <span class='ocrx_word' id='word_1_429' title='bbox 1242 4715 1307 4782; x_wconf 80' lang='grc' dir='ltr'>ὅσοι</span> <span class='ocrx_word' id='word_1_430' title='bbox 1329 4713 1370 4803; x_wconf 76' lang='grc' dir='ltr'>μὴ</span> <span class='ocrx_word' id='word_1_431' title='bbox 1394 4709 1527 4803; x_wconf 76' lang='grc' dir='ltr'>φεύγετ’,</span> <span class='ocrx_word' id='word_1_432' title='bbox 1550 4719 1680 4806; x_wconf 79' lang='grc' dir='ltr'>ἐρασταί,</span> 
     </span>
    </p>
   </div>
   <div class='ocr_carea' id='block_1_6' title="bbox 897 4831 1568 4928">
    <p class='ocr_par' dir='ltr' id='par_1_6' title="bbox 897 4831 1568 4928">
     <span class='ocr_line' id='line_1_37' title="bbox 897 4831 1568 4928; baseline -0.006 -24"><span class='ocrx_word' id='word_1_433' title='bbox 897 4835 965 4928; x_wconf 80' lang='grc' dir='ltr'>δεῦρ</span> <span class='ocrx_word' id='word_1_434' title='bbox 986 4845 1032 4902; x_wconf 85' lang='grc' dir='ltr'>’ίτε</span> <span class='ocrx_word' id='word_1_435' title='bbox 1054 4846 1108 4914; x_wconf 75' lang='grc' dir='ltr'>τῆς</span> <span class='ocrx_word' id='word_1_436' title='bbox 1131 4838 1224 4901; x_wconf 80' lang='grc' dir='ltr'>ἐτέων</span> <span class='ocrx_word' id='word_1_437' title='bbox 1244 4831 1409 4925; x_wconf 65' lang='grc' dir='ltr'>λαθόμενοι</span> <span class='ocrx_word' id='word_1_438' title='bbox 1432 4832 1568 4912; x_wconf 79' lang='grc' dir='ltr'>δεκάδος.</span> 
     </span>
    </p>
   </div>
   <div class='ocr_carea' id='block_1_7' title="bbox 370 5019 2150 5353">
    <p class='ocr_par' dir='ltr' id='par_1_7' title="bbox 370 5019 2150 5353">
     <span class='ocr_line' id='line_1_38' title="bbox 374 5019 2150 5114; baseline 0.005 -26"><span class='ocrx_word' id='word_1_439' title='bbox 374 5029 408 5090; x_wconf 90' lang='lat' dir='ltr'>V.</span> <span class='ocrx_word' id='word_1_440' title='bbox 434 5032 452 5090; x_wconf 90' lang='lat'><strong>3</strong></span> <span class='ocrx_word' id='word_1_441' title='bbox 481 5030 532 5091; x_wconf 80' lang='grc' dir='ltr'>κέν</span> <span class='ocrx_word' id='word_1_442' title='bbox 559 5031 671 5106; x_wconf 77' lang='lat' dir='ltr'>codex,</span> <span class='ocrx_word' id='word_1_443' title='bbox 700 5028 753 5099; x_wconf 77' lang='grc' dir='ltr'>κήν</span> <span class='ocrx_word' id='word_1_444' title='bbox 780 5029 909 5093; x_wconf 88' lang='lat' dir='ltr'>Brunck</span> <span class='ocrx_word' id='word_1_445' title='bbox 932 5068 972 5078; x_wconf 94' lang='lat'>—-</span> <span class='ocrx_word' id='word_1_446' title='bbox 1004 5033 1024 5092; x_wconf 79' lang='lat'>4</span> <span class='ocrx_word' id='word_1_447' title='bbox 1051 5030 1137 5114; x_wconf 86' lang='grc' dir='ltr'>μίτρη</span> <span class='ocrx_word' id='word_1_448' title='bbox 1164 5019 1341 5114; x_wconf 82' lang='grc' dir='ltr'>περιδρομάς</span> <span class='ocrx_word' id='word_1_449' title='bbox 1369 5030 1387 5090; x_wconf 92' lang='lat' dir='ltr'>i.</span> <span class='ocrx_word' id='word_1_450' title='bbox 1413 5049 1441 5110; x_wconf 90' lang='lat' dir='ltr'>q.</span> <span class='ocrx_word' id='word_1_451' title='bbox 1470 5020 1644 5114; x_wconf 67' lang='lat' dir='ltr'>capicianum</span> <span class='ocrx_word' id='word_1_452' title='bbox 1670 5030 1707 5092; x_wconf 85' lang='lat' dir='ltr'>of.</span> <span class='ocrx_word' id='word_1_453' title='bbox 1736 5027 1868 5094; x_wconf 88' lang='lat' dir='ltr'>Luciani</span> <span class='ocrx_word' id='word_1_454' title='bbox 1903 5031 1973 5096; x_wconf 88' lang='lat' dir='ltr'>dial.</span> <span class='ocrx_word' id='word_1_455' title='bbox 2009 5041 2150 5102; x_wconf 83' lang='lat' dir='ltr'>meretr..</span> 
     </span>
     <span class='ocr_line' id='line_1_39' title="bbox 374 5140 2133 5236; baseline 0.004 -28"><span class='ocrx_word' id='word_1_456' title='bbox 374 5149 450 5228; x_wconf 85' lang='grc'>12,1</span> <span class='ocrx_word' id='word_1_457' title='bbox 468 5143 487 5217; x_wconf 80' lang='grc' dir='ltr'>ἠ</span> <span class='ocrx_word' id='word_1_458' title='bbox 510 5141 545 5209; x_wconf 82' lang='grc' dir='ltr'>δὲ</span> <span class='ocrx_word' id='word_1_459' title='bbox 568 5141 721 5234; x_wconf 75' lang='grc' dir='ltr'>φιλήσασα</span> <span class='ocrx_word' id='word_1_460' title='bbox 742 5141 859 5236; x_wconf 81' lang='grc' dir='ltr'>μεταξὺ</span> <span class='ocrx_word' id='word_1_461' title='bbox 880 5155 942 5212; x_wconf 90' lang='grc' dir='ltr'>τῶν</span> <span class='ocrx_word' id='word_1_462' title='bbox 964 5154 1089 5233; x_wconf 82' lang='grc' dir='ltr'>μαστῶν</span> <span class='ocrx_word' id='word_1_463' title='bbox 1111 5150 1190 5230; x_wconf 82' lang='lat' dir='ltr'>(scil.</span> <span class='ocrx_word' id='word_1_464' title='bbox 1213 5142 1250 5211; x_wconf 86' lang='grc' dir='ltr'>τὸ</span> <span class='ocrx_word' id='word_1_465' title='bbox 1273 5151 1381 5233; x_wconf 79' lang='grc' dir='ltr'>μῆλον)</span> <span class='ocrx_word' id='word_1_466' title='bbox 1404 5141 1460 5208; x_wconf 78' lang='grc' dir='ltr'>ὑπὸ</span> <span class='ocrx_word' id='word_1_467' title='bbox 1482 5153 1528 5226; x_wconf 81' lang='grc' dir='ltr'>τῷ</span> <span class='ocrx_word' id='word_1_468' title='bbox 1550 5140 1717 5234; x_wconf 84' lang='grc' dir='ltr'>περιδέσμῳ</span> <span class='ocrx_word' id='word_1_469' title='bbox 1740 5151 1801 5230; x_wconf 88' lang='lat' dir='ltr'>(sic</span> <span class='ocrx_word' id='word_1_470' title='bbox 1823 5149 2024 5214; x_wconf 78' lang='lat' dir='ltr'>scribendum</span> <span class='ocrx_word' id='word_1_471' title='bbox 2046 5153 2133 5216; x_wconf 90' lang='lat' dir='ltr'>euim</span> 
     </span>
     <span class='ocr_line' id='line_1_40' title="bbox 370 5268 2134 5353; baseline 0.005 -25"><span class='ocrx_word' id='word_1_472' title='bbox 370 5287 411 5329; x_wconf 79' lang='lat' dir='ltr'>cs</span> <span class='ocrx_word' id='word_1_473' title='bbox 435 5270 626 5332; x_wconf 84' lang='lat' dir='ltr'>Aristaeneti</span> <span class='ocrx_word' id='word_1_474' title='bbox 649 5287 699 5351; x_wconf 83' lang='lat' dir='ltr'>ep.</span> <span class='ocrx_word' id='word_1_475' title='bbox 723 5268 810 5352; x_wconf 77' lang='lat'>125,</span> <span class='ocrx_word' id='word_1_476' title='bbox 842 5273 897 5353; x_wconf 91' lang='lat' dir='ltr'>qui</span> <span class='ocrx_word' id='word_1_477' title='bbox 920 5270 1052 5333; x_wconf 89' lang='lat' dir='ltr'>Luciaui</span> <span class='ocrx_word' id='word_1_478' title='bbox 1074 5268 1172 5332; x_wconf 87' lang='lat' dir='ltr'>verba</span> <span class='ocrx_word' id='word_1_479' title='bbox 1193 5269 1232 5331; x_wconf 87' lang='lat' dir='ltr'>ad</span> <span class='ocrx_word' id='word_1_480' title='bbox 1255 5268 1387 5331; x_wconf 84' lang='lat' dir='ltr'>litteram</span> <span class='ocrx_word' id='word_1_481' title='bbox 1416 5285 1519 5349; x_wconf 87' lang='lat' dir='ltr'>paene</span> <span class='ocrx_word' id='word_1_482' title='bbox 1546 5271 1756 5351; x_wconf 85' lang='lat' dir='ltr'>transcripsit;</span> <span class='ocrx_word' id='word_1_483' title='bbox 1784 5270 1882 5333; x_wconf 90' lang='lat' dir='ltr'>edidit</span> <span class='ocrx_word' id='word_1_484' title='bbox 1910 5273 2015 5334; x_wconf 78' lang='lat' dir='ltr'>tamma</span> <span class='ocrx_word' id='word_1_485' title='bbox 2046 5269 2134 5336; x_wconf 86' lang='lat' dir='ltr'>Iaco-</span> 
     </span>
    </p>
   </div>
   <div class='ocr_carea' id='block_1_8' title="bbox 0 0 2328 6066">
    <p class='ocr_par' dir='ltr' id='par_1_8' title="bbox 0 0 2328 6066">
     <span class='ocr_line' id='line_1_41' title="bbox 0 0 2328 6066; baseline 0 3"><span class='ocrx_word' id='word_1_486' title='bbox 0 0 2328 6066; x_wconf 95' lang='lat' dir='ltr'> </span> 
     </span>
    </p>
   </div>
  </div>
 </body>
</html>
