4648 6066
181 647 223 710 Va
245 638 374 711 berillo
395 639 521 720 ιἰτιακης
541 645 643 710 codex
664 645 774 729 Pelet,
806 649 842 711 ut
860 649 968 712 teman
991 649 1071 710 teste
1093 643 1272 711 Psnlsseno
1294 647 1449 712 incertum
1471 647 1512 710 sit
1533 649 1668 730 septima
1689 647 1790 712 littera
1811 671 1832 710 τ
1852 647 1946 712 fuerit

180 787 219 833 an
251 789 290 830 σο
319 787 361 834 en
388 789 410 829 π
441 787 480 830 nn
514 787 545 840 et
578 763 716 841 Ἀοιακῆς
742 763 912 831 Plenudes.
958 767 1077 851 Utique
1107 765 1296 831 adiectirurn
1327 767 1452 834 ridetur
1478 787 1520 831 ex
1547 769 1663 832 rariore
1691 787 1799 832 eornm
1828 787 1946 852 genere

183 890 295 968 inisse,
325 887 364 950 de
395 885 512 972 qnibns
543 885 722 970 Stephanus
747 885 923 967 Byzantius
952 906 981 970 p.
1010 887 1058 968 16,
1089 886 1126 948 16
1152 887 1200 950 ed.
1222 885 1315 954 Mein.
1359 883 1418 951 ἀπὸ
1444 891 1508 950 τῶν
1533 887 1662 950 leveel
1684 879 1798 965 ίθνικά,
1830 881 1870 962 ὡς
1890 892 1946 950 τοῦ

179 999 304 1072 Ῥοδίου
332 1001 370 1069 τὸ
396 998 557 1081 Ῥοδιακὸς
580 1000 724 1076 κτητικὸν
749 1005 799 1068 καὶ
825 1003 941 1092 Σαμίου
966 1000 1004 1070 τὸ
1026 999 1189 1092 Σαμιακὸς.
1234 1005 1458 1092 Improbabilie
1486 1014 1561 1073 sunt
1583 1029 1665 1094 quse
1687 1009 1948 1093 excogitaverunt

94 1141 97 1144 ·
185 1131 373 1212 interpretes
393 1126 546 1200 ’Τπιακῆς
567 1126 722 1206 Οίωτιίοο,
757 1119 925 1200 ’Τοσιακῆς
948 1125 1154 1209 Βοίεεοοοιίο,
1176 1119 1244 1190 αὖτ’
1262 1124 1368 1203 ’ίακῆς
1387 1125 1566 1208 Incobsins3
1598 1149 1672 1194 nam
1694 1133 1730 1194 ut
1745 1129 1807 1192 elie
1824 1132 1946 1192 mecam

184 1267 249 1311 non
281 1251 400 1332 poterat
430 1249 540 1332 poeta,
568 1247 595 1309 si
630 1243 795 1329 subfrigidi
834 1248 925 1312 lusus
950 1247 1088 1331 aliquam
1118 1247 1228 1312 saltem
1258 1247 1506 1332 probabilitatem
1531 1267 1603 1310 esse
1624 1249 1735 1331 voluit,
1757 1247 1795 1312 ed
1818 1249 1948 1314 nomina

185 1385 296 1451 parem
328 1371 402 1430 nota
432 1372 462 1429 el
493 1367 588 1430 ninris
614 1365 708 1448 longe
738 1367 835 1449 petita
865 1365 1044 1449 confugere.
1093 1365 1205 1452 Itaque
1235 1358 1391 1441 λαξιακῆς
1419 1369 1547 1450 scripsi,
1577 1367 1660 1451 qnod
1688 1371 1714 1432 si
1742 1371 1794 1434 oni
1820 1367 1949 1434 libuerit

186 1489 300 1570 poterit
311 1485 463 1550 Plenndis
478 1485 541 1550 fide
555 1487 697 1564 firmare3
712 1485 830 1570 gentile
846 1486 975 1570 quidem
992 1478 1145 1562 Ναξιακὸς
1160 1507 1223 1551 non
1240 1489 1340 1570 magis
1357 1489 1433 1551 novi
1448 1507 1544 1572 qnam
1558 1479 1660 1564 Ἰακός
1673 1487 1722 1552 vel
1739 1475 1949 1575 Αίγοπτιακὸς,

185 1606 241 1669 sod
263 1608 446 1689 possessivo
465 1607 575 1672 saltem
599 1608 753 1672 adiectivo
770 1607 982 1672 Nnxiscormn
1009 1609 1175 1692 scriptores
1198 1609 1248 1670 nsi
1272 1611 1408 1670 sunt-
1439 1607 1457 1669 6
1479 1609 1542 1693 ἔχει
1566 1607 1735 1692 Ρίοοιιιίοε,
1755 1611 1821 1696 ἔχοι
1843 1611 1945 1674 codex

187 1725 252 1790 Pel.
275 1723 416 1790 Priorem
440 1728 607 1792 lectionem
630 1729 698 1791 inre
721 1727 955 1792 commendarit
976 1725 1208 1792 Boissonodins
1231 1727 1268 1790 ed
1291 1725 1420 1792 Nicetes
1443 1727 1621 1812 Eugenisni
1645 1728 1657 1792 l
1684 1729 1752 1794 164.

353 1846 400 1910 IV
443 1845 538 1910 Anlb.
563 1846 629 1910 Pel.
656 1847 684 1909 V
709 1847 769 1910 123
790 1839 975 1933 Φιλοδήμου.

670 1997 832 2089 nocnerit
855 1995 986 2090 δίκερως,
1008 1991 1215 2087 φιλοπαίννυχε,
1240 2011 1331 2088 φαῖνε,
1355 1992 1481 2074 Σελήνη,

687 2208 713 2222 ..
734 2131 817 2210 φαῖνε
840 2113 879 2184 δι’
902 2111 1053 2207 εὐερήτων
1075 2121 1245 2208 βαλλομένηΙ
1267 2115 1405 2210 θυρίδων,

672 2211 798 2328 ati-fei}-
807 2241 933 2327 χρυσίον
955 2241 1147 2304 Καλλίστιον·
1171 2243 1200 2318 ἐς
1221 2237 1263 2305 τὰ
1285 2235 1449 2330 φιλεόντων

734 2363 806 2448 ἔργα
828 2351 1025 2423 κατοπτεύειν
1046 2357 1080 2422 οὐ
1103 2353 1215 2448 φθόνος
1237 2355 1387 2446 ἀθανάτῃ.

610 2485 628 2545 5
671 2473 797 2564 ὀλβίζεις
818 2481 868 2543 καὶ
890 2471 979 2548 τήνδε
1001 2482 1051 2542 καὶ
1071 2473 1173 2564 ἡμέας,
1196 2474 1272 2560 οἰδα,
1295 2475 1420 2554 Σελήνιί

736 2604 786 2664 καὶ
806 2595 862 2688 γρ
884 2595 937 2672 σὴν
955 2595 1052 2684 ψυχὴν
1074 2604 1199 2686 ἑφλεχεν
1218 2593 1396 2688 Ἐνδυμίων.

188 2764 227 2827 V.
252 2765 271 2828 2
296 2760 410 2828 similis
439 2765 487 2824 est
513 2759 711 2844 Asclepiadis
741 2777 854 2822 rorsns
878 2759 915 2820 A.
941 2755 975 2820 P.
1000 2756 1028 2817 V
1055 2757 1112 2818 153
1139 2749 1179 2819 δι’
1200 2751 1354 2844 ὑψιλόφου
1376 2751 1550 2846 φαινόμενον
1571 2755 1701 2849 θυρίδων
1730 2767 1763 2828 σί
1783 2764 1955 2848 conparari

187 2887 289 2968 potest
310 2883 405 2946 etiem
426 2881 535 2944 Alcaei
557 2879 707 2944 Messenii
731 2879 911 2943 versiculus
933 2879 1042 2960 (nntn.
1059 2877 1146 2943 Plan.
1171 2881 1204 2960 8)
1234 2872 1269 2940 δι’
1296 2871 1447 2966 εὐτρήτων
1469 2873 1677 2969 φίλεῃὸμκνος
1698 2874 1850 2963 δονάκων;
1881 2901 1955 2946 neni

189 3006 235 3068 sic
263 3004 370 3088 potins
388 3002 437 3066 nie
461 3000 663 3065 scribendum
687 3019 761 3062 omn
786 2998 947 3064 anclrio
971 3019 1066 3084 quam
1089 3018 1162 3064 cnm
1187 2998 1345 3064 Moinekio
1368 2992 1419 3062 lei
1439 3007 1558 3088 τρητῶν
1579 3004 1724 3084 (traditur
1746 3009 1801 3069 arrt
1822 3005 1881 3067 hoc
1902 3009 1956 3068 ont

190 3115 229 3184 δι’
253 3112 412 3208 inspires)
438 3159 472 3167 --
509 3123 527 3182 3
558 3111 671 3205 αὗγαζι
699 3139 763 3184 non
794 3127 843 3184 ost
875 3103 1005 3201 οιίκρνὶιν,
1038 3125 1070 3183 nt
1100 3120 1184 3202 opud
1215 3118 1389 3184 Diolimnm
1421 3119 1582 3186 Milesium
1611 3126 1650 3186 A.
1674 3121 1709 3187 P.
1733 3123 1762 3188 V
1787 3123 1846 3187 106
1879 3114 1957 3198 σίδος
2044 3141 2047 3150 ·

191 3232 367 3328 ίσαυχοίζων
385 3245 492 3326 μοῦνον
513 3231 618 3324 γλυκύ,
641 3239 697 3302 sed
720 3238 855 3312 ιὐίυκινο,
879 3239 910 3303 id
935 3239 1018 3322 quod
1037 3241 1146 3324 probat
1162 3241 1354 3304 ndicclivnm
1369 3239 1505 3326 χρυσέην.
1549 3242 1631 3307 liele
1647 3245 1743 3327 igilur
1758 3242 1956 3308 intellexisse

191 3365 276 3428 bunc
299 3362 403 3428 locum
427 3360 553 3424 videtur
574 3358 702 3424 Nicetes
724 3358 935 3442 Eugenienus
951 3358 1028 3422 Vlll
1054 3360 1123 3444 119,
1145 3364 1237 3425 onius
1255 3358 1352 3424 verbo
1374 3379 1412 3424 eo
1437 3363 1538 3444 magis
1560 3363 1747 3445 adscribam,
1770 3365 1854 3450 quod
1873 3383 1957 3430 unns

190 3487 242 3552 ille
272 3503 315 3548 ex
336 3479 566 3548 recentioribus
589 3484 655 3562 est,
685 3481 769 3564 qnod
793 3481 941 3564 equidem
967 3481 1080 3563 sciam,
1110 3483 1164 3564 qni
1197 3480 1373 3544 l’lrilodcnri
1395 3482 1536 3544 carmina
1558 3481 1685 3564 legerit3
1717 3485 1770 3548 ille
1792 3485 1888 3567 igitur
1909 3484 1956 3546 sio

191 3605 313 3670 scribit:
348 3597 383 3666 σὺ
413 3605 493 3688 γοῦν,
525 3590 651 3678 Σελήνη,
680 3595 912 3686 γλαυκοφεφγδς
943 3597 1030 3680 ὀλβία
1058 3594 1179 3686 ἄθρει,
1208 3591 1343 3687 nodi-scr,
1373 3591 1559 3687 φωταχοίγει
1587 3597 1641 3664 τὸν
1671 3593 1752 3676 ξένον
1788 3593 1958 3688 Ἐνδυμίων

192 3715 298 3812 ἱφλιξε
321 3724 371 3784 καὶ
393 3716 448 3786 σλν
470 3711 594 3806 καρδίαν
613 3754 650 3768 -—
675 3723 695 3782 4
718 3711 859 3791 ἀθανάτα
886 3721 997 3802 codex,
1027 3741 1105 3785 corr.
1128 3719 1239 3784 lncobs
1263 3759 1301 3767 --
1321 3721 1443 3785 -nttulit
1473 3719 1634 3796 lacobsins
1657 3723 1774 3788 similis
1798 3723 1954 3807 quaedem

192 3845 297 3910 Ovidii
319 3841 425 3922 rerba,
449 3859 530 3926 qnae
551 3839 604 3903 ille
627 3837 808 3904 Loandrnm
830 3841 904 3906 fecit
925 3841 1115 3906 scribentem
1135 3841 1267 3924 (heroid.
1290 3839 1386 3904 XVII
1407 3842 1476 3921 llll:
1499 3840 1575 3902 ίιιιυο
1593 3863 1644 3922 epo
1665 3844 1826 3924 αινμὲοἰευο
1841 3843 1956 3930 ιχὀυνυυ

193 3964 246 4027 dea
275 3960 417 4024 cnrrdr'dc'
449 3959 515 4024 diri
543 3969 578 4020 ‘ct
603 3960 724 4022 subserit
743 3961 844 4024 alcimo
866 3959 991 4024 Isolrnio
1012 3984 1087 4024 scara
1108 3973 1174 4036 τινος
1216 3985 1273 4026 ηοω
1294 3961 1362 4022 sinit
1386 3961 1558 4044 Εκιιίμκιίοιι
1580 3972 1606 4024 le
1621 3963 1753 4044 pectoris
1772 3985 1831 4027 ease
1852 3963 1954 4038 severi,

182 4083 278 4169 flecte,
302 4103 430 4166 precor,
459 4082 554 4144 ordros
575 4079 618 4142 od
640 4101 704 4142 noea
729 4081 821 4166 snam
843 4081 930 4148 σοι’.
974 4083 1035 4150 Sed
1058 4083 1209 4148 Ovidium
1230 4081 1408 4147 Philodemi
1435 4101 1560 4146 carmon
1584 4084 1700 4150 imitari
1723 4085 1867 4148 voluisse
1890 4103 1954 4148 non

195 4205 434 4271 adfirmaverim.

358 4321 384 4386 V
428 4323 523 4386 Antii.
552 4320 618 4386 Pal.
647 4323 675 4382 V
708 4327 748 4389 ‘25
782 4331 837 4390 τοῦ
870 4325 971 4390 αὐτοῦ.
1024 4326 1188 4392 Praecedit
1219 4323 1479 4408 epigrnmnrstion
1512 4327 1545 4388 in
1572 4323 1775 4390 Heliodorem
1807 4326 1956 4409 puellam,

196 4441 371 4510 Philodeml
401 4444 528 4528 qnidam
560 4446 688 4508 nomine
716 4447 902 4532 inscriptum
927 4454 958 4510 ot
987 4447 1020 4511 in
1042 4447 1149 4510 codice
1168 4443 1310 4509 Pnlniino
1339 4449 1371 4506 ot
1393 4445 1425 4506 in
1449 4443 1611 4508 Plannden
1633 4443 1768 4528 sylloge,
1799 4441 1958 4530 Meleagro

197 4569 301 4630 lemen
326 4565 398 4628 sine
419 4563 516 4628 dnbio
531 4560 744 4630 tribuendum.
791 4565 875 4631 Hinc
895 4570 990 4632 otiam
1014 4567 1072 4630 boc
1098 4569 1182 4652 qnod
1199 4567 1345 4651 seqnitur
1359 4564 1475 4648 ambigi
1492 4568 1605 4648 poterit
1620 4586 1697 4630 num
1714 4567 1755 4629 sit
1769 4563 1957 4628 Philodami.

609 4711 740 4784 Ὀσσοὶκι
765 4715 915 4798 nebeim
932 4715 1113 4796 υποκὸλπιος
1135 4726 1196 4785 cire
1217 4719 1282 4783 κατ’
1310 4715 1389 4808 δμαρ

676 4844 729 4906 εἴτ’
751 4837 967 4931 &commnione
988 4838 1104 4913 ἥλυίίον
1122 4843 1264 4930 ἑσπέριος,

613 4957 670 5027 οἶδ’
694 4969 742 5032 ’σ’τι
759 4963 817 5054 πὰρ
840 4960 965 5056 κρημνὸν
988 4963 1087 5050 τέμνω
1108 4957 1206 5052 πόρον,
1227 4955 1285 5026 οἷδ’
1307 4961 1356 5024 ὅτι
1378 4964 1470 5049 plimon

673 5083 772 5154 πάντα
795 5081 885 5172 κύβον
906 5089 1040 5174 κεφαλῆς
1062 5082 1123 5146 αἰὲν
1142 5082 1269 5171 ὕπερθεν
1291 5084 1373 5170 ίμῆς.

558 5206 577 5265 ὅ
621 5202 701 5275 ἀλλὰ
721 5213 751 5276 τί
772 5233 823 5296 μοι
842 5209 934 5272 πλέον
956 5205 1048 5287 ίστίν,
1070 5203 1086 5269 ὃ
1108 5199 1165 5293 γὰρ
1188 5196 1300 5290 θρασὺς
1320 5195 1370 5272 ἡδ’
1392 5199 1466 5264 ὅταν
1488 5199 1562 5284 ἑλκῃ

675 5325 803 5397 πάντοτ’
819 5325 921 5418 Ἔρως
939 5323 1033 5418 ἀρχὴν
1054 5317 1123 5392 οὔδ’
1147 5319 1217 5414 ὄναρ
1239 5317 1301 5388 οἶδε
1323 5313 1424 5409 φόβον.
