4648 6066
1142 410 1191 423 --
1242 371 1370 448 XXVI
1420 415 1471 430 -

597 581 747 651 Alienum
770 581 809 646 ab
831 581 1015 649 Philodamo
1037 587 1087 648 est
1104 585 1296 669 epigramma
1312 585 1488 652 irrisorium
1509 587 1603 656 Anth.
1623 587 1688 654 Pal.
1710 587 1754 652 XI
1774 590 1848 654 318:

904 730 1094 825 Ἀντικράτης
1112 731 1179 820 ἤδει
1200 733 1240 800 τὰ
1263 735 1402 827 σφαιρικὰ
1420 745 1536 824 μᾶλλον
1553 735 1677 827 Ἀρσίτου

968 862 1079 940 πολλῷ,
1100 853 1155 924 τήν
1175 853 1201 921 δ’
1229 853 1302 930 ἰδίην
1323 859 1377 922 οὐκ
1399 853 1473 924 ἐνόει
1494 861 1619 947 γένεσιν·

907 968 1056 1052 διστάζειν
1075 974 1130 1066 γὰρ
1153 983 1218 1066 ἔφη,
1241 971 1337 1065 πότερ’
1364 979 1394 1040 ἐν
1415 985 1486 1067 κριῷ
1508 980 1667 1066 γεγένηται

968 1093 988 1167 al
1008 1089 1140 1184 διδύμοις
1160 1095 1179 1168 ri
1202 1109 1264 1173 τοῖς
1286 1090 1404 1185 ἰχθύσιν
1425 1096 1612 1186 ἀμφοτέροις.

903 1217 1023 1306 εὕρηται
1043 1211 1078 1280 δὲ
1100 1225 1203 1306 σαφῶς
1224 1221 1336 1294 ἐντοῖς
1357 1221 1446 1307 τρισί·
1471 1223 1520 1283 καὶ
1537 1215 1597 1308 ,γὰρ
1619 1215 1747 1308 ὀχευτής

968 1342 1017 1402 καὶ
1039 1333 1137 1424 μωρὸς
1156 1330 1293 1424 μαλακός
1315 1336 1339 1400 τ’
1368 1341 1431 1402 ἐστὶ
1453 1341 1502 1402 καὶ
1523 1334 1686 1426 ὀψοφάγος.

419 1504 518 1568 Reete
540 1500 701 1565 Planudes
724 1496 885 1579 inscripsit
905 1486 1026 1562 ἄδηλον.

586 1621 674 1686 Idem
695 1617 864 1682 dicendum
885 1615 924 1679 de
947 1615 1086 1678 carmine
1112 1613 1207 1676 Anth.
1230 1611 1295 1678 Pal.
1318 1599 1356 1678 X'
1376 1615 1452 1678 103:

836 1781 900 1856 Τήν
920 1776 1061 1872 πρότερον
1085 1783 1221 1869 θυμέλην
1242 1774 1309 1867 μήτ’
1337 1764 1466 1870 egreiam
1489 1778 1565 1871 μήτε
1587 1787 1758 1875 παρέλθῃς·

896 1911 947 1967 νῦν
969 1899 1069 1990 ἄπαγε
1088 1897 1222 1992 δραχμῆς
1244 1910 1283 1978 εἰς
1304 1897 1558 1993 κολυκορδόκολα,

834 2027 884 2088 καὶ
906 2031 994 2088 σῦκον
1014 2018 1148 2111 δραχμῆς
1172 2026 1201 2086 ἓν
1219 2025 1345 2110 γίνεται·
1368 2021 1404 2097 ἣν
1426 2019 1451 2088 δ’
1478 2025 1641 2112 ἀναμείνης,

894 2146 989 2232 χίλια
1012 2155 1074 2219 τοῖς
1093 2154 1227 2230 πτωχοῖς
1248 2138 1264 2206 ὁ
1282 2136 1385 2231 χρόνος
1404 2146 1469 2209 ἐστὶ
1491 2138 1571 2221 θεός.

413 2313 505 2376 euius
535 2309 594 2372 etsi
621 2308 708 2392 prius
737 2303 891 2368 distichon
920 2303 1014 2386 plano
1045 2320 1108 2364 nen
1134 2300 1294 2386 intellego,
1326 2303 1483 2366 sententia
1511 2305 1616 2366 tamen
1643 2321 1686 2366 ox
1715 2304 1811 2368 altero
1841 2304 1937 2387 plana
1959 2306 2020 2372 est.
2063 2301 2174 2367 codex

413 2431 576 2495 Palatinus
598 2416 775 2511 Φιλοδήμου
798 2422 949 2498 inscribit,
972 2422 1089 2485 rectius
1111 2418 1271 2484 Planudos
1294 2412 1416 2492 ἄδηλον.

575 2550 670 2612 Anth.
694 2546 759 2611 Pal.
782 2545 825 2607 VI
849 2543 910 2605 246
939 2531 1125 2625 Φιλοδήμου,
1154 2545 1180 2601 οἱ
1209 2532 1244 2600 δὲ
1268 2537 1468 2627 Ἀργενταρίου
1494 2541 1560 2604 cod.
1585 2539 1648 2605 Pal.
1677 2533 1853 2627 Φιλοδήμου
1882 2541 2051 2610 Planudes.
2097 2543 2176 2608 Fuit

414 2672 447 2733 in
471 2667 606 2754 Philippi
628 2687 753 2739 corona.
903 2747 912 2754 υ

890 2745 1005 2834 λέντρα
1027 2736 1247 2818 διωξικέλευθα
1269 2739 1486 2834 φιλορρο’θωνοἰ
1507 2769 1541 2810 τε
1564 2739 1663 2833 κημόν

948 2857 1002 2928 τόν
1023 2887 1058 2927 τε
1079 2867 1144 2952 περὶ
1166 2864 1294 2952 στέρνοις
1315 2858 1428 2952 κόσμον
1452 2859 1672 2954 ὀδοντοτρόρον

888 2988 1075 3056 κοίσυίνην..
1099 2975 1207 3070 ρὀίβδον
1230 2985 1277 3046 ἐπὶ
1297 2977 1478 3073 προθύροισι,
1499 2978 1659 3066 Πόσειδον,

948 3096 1061 3170 ἄνθετό
1084 3127 1131 3167 σοι
1153 3105 1232 3178 νίκης
1257 3095 1378 3190 Χάρμος
1400 3101 1447 3166 ἀπ’
1471 3100 1651 3191 Ἰσθμιάδος

887 3227 937 3288 καὶ
959 3216 1092 3311 ψήκτρην
1111 3226 1209 3288 ἵππων
1234 3225 1401 3313 ἑρυσίτριχα
1422 3217 1477 3296 τήν
1499 3225 1523 3288 τ’
1551 3228 1597 3290 ἐπὶ
1618 3220 1725 3294 νοίτων

948 3338 1091 3431 μάστιγα,
1114 3337 1211 3430 ρὀίζυυ
1233 3345 1349 3432 μητέρα
1371 3345 1551 3434 θαρσαλὲην.

884 3462 965 3529 ἀλλὰ
987 3457 1031 3542 σύ,
1054 3475 1248 3552 κυανοχαῖτα,
1272 3459 1361 3551 δέχευ
1383 3457 1468 3546 τάδε,
1491 3459 1544 3527 τὸν
1565 3457 1600 3528 δὲ
1622 3467 1747 3531 Λυκίνου

944 3581 993 3649 ola
1015 3587 1065 3647 καὶ
1086 3590 1126 3661 είς
1147 3577 1281 3671 μεγάλην
1302 3583 1411 3670 στέψον
1430 3578 1632 3670 Ὀλυμπιάδα.

399 3767 439 3830 V.
464 3765 484 3826 3
512 3759 562 3822 καὶ
588 3755 683 3824 mimo
709 3751 812 3814 rodon
837 3749 902 3814 Pal.
933 3756 965 3816 et
988 3749 1165 3834 planudes,
1193 3773 1270 3817 corr.
1302 3751 1485 3818 Salmasius.
1536 3751 1683 3817 Lacenae
1712 3749 1888 3834 explendae
1920 3767 2017 3813 causa
2044 3739 2071 3809 δ’
2107 3752 2169 3828 ἔτι,

396 3885 570 3962 Eldickius,
598 3881 643 3939 ἐτι
671 3871 834 3938 Iaeohsius
864 3871 983 3936 addidit
1015 3911 1054 3921 -
1084 3875 1316 3955 Argumentum
1339 3873 1488 3936 carminis
1509 3871 1547 3936 ab
1574 3871 1758 3936 Philodamo
1781 3871 1938 3950 alicnum3
1970 3867 2011 3931 hl.
2036 3871 2165 3952 Argen-

398 4007 469 4072 tarii
493 4003 596 4088 potest
619 4015 701 4078 esse,
723 3993 779 4056 sed
801 3997 940 4075 praestat
965 3973 1112 4056 cohibete
1136 3990 1299 4061 iudicium.

562 4117 688 4184 Anthol.
716 4111 849 4179 Planud.
875 4113 937 4176 234
969 4104 1153 4198 Φιλοδήμου.
1205 4115 1247 4177 At
1285 4130 1344 4175 noc
1374 4111 1621 4176 demonstrativo
1656 4113 1766 4198 generi
1804 4113 1896 4177 credo
1928 4109 2154 4176 Philodamum

397 4263 525 4328 operam
546 4240 671 4305 dedisse
693 4239 725 4300 ot
747 4237 912 4318 suspectae
935 4239 1011 4298 sunt
1032 4237 1149 4298 formae
1172 4233 1295 4297 doricae
1318 4251 1371 4295 vv.
1395 4232 1410 4292 l
1436 4237 1467 4296 et
1489 4231 1517 4295 2.

858 4383 1001 4476 Τρισσοὺς
1023 4379 1194 4462 ἀθανάτους
1213 4399 1306 4476 χωρεῖ
1324 4389 1423 4462 λίθος·
1448 4382 1467 4449 ἁ
1490 4381 1609 4471 κεφαλαί
1630 4379 1686 4474 γάρ

924 4500 1027 4595 μανύει
1048 4515 1161 4595 τρανῶς
1185 4510 1274 4571 ίίᾶνα
1296 4503 1349 4570 τὸν
1372 4507 1533 4593 αἰγίκερων,

860 4627 964 4715 στέρνα
986 4620 1020 4690 δὲ
1042 4631 1091 4690 καὶ
1112 4623 1199 4703 νηδὺς
1217 4623 1381 4715 Ἡρακλέα,
1404 4623 1495 4690 λοιπὰ
1518 4622 1553 4688 δὲ
1576 4629 1659 4710 μηρὸ
1661 4648 1676 4683 ν

923 4749 973 4810 καὶ
995 4738 1107 4833 κνήμης
1124 4742 1238 4836 Ἰίρμῆς
1260 4741 1276 4809 ό
1299 4739 1463 4832 πτερόπυυς
1485 4750 1601 4831 ἔλαχεν.

794 4871 813 4931 5
857 4860 940 4931 θύειν
962 4859 1079 4953 ἀρνήσῃ,
1103 4859 1174 4947 ξένε,
1198 4868 1323 4953 μηκέτι·
1345 4873 1400 4928 τοῦ
1422 4861 1479 4954 γὰρ
1498 4857 1561 4940 ἑνός
1584 4887 1629 4927 σοι

925 4980 1061 5073 θύματος
1083 4993 1109 5049 oi
1131 4989 1242 5074 τρισσοὶ
1263 4979 1399 5073 δαίμονες
1419 4979 1592 5070 ἁπτόμεθα.

397 5147 436 5212 V.
465 5148 484 5210 6
516 5147 597 5211 male
619 5144 783 5210 Heolrerus
814 5137 972 5229 ἀντόμεθα
996 5144 1107 5208 collato
1138 5143 1364 5228 epigrammate
1386 5143 1481 5206 Anth.
1505 5139 1592 5205 Plan.
1616 5141 1677 5204 253
1710 5140 1802 5226 plane
1828 5144 1949 5225 alieno;
1982 5163 2047 5210 noo
2072 5165 2166 5214 com·

396 5286 603 5332 memorarem
626 5269 690 5332 nisi
711 5265 920 5331 Duobnerum
940 5263 1081 5328 viderem
1100 5261 1246 5328 Heckero
1270 5263 1466 5330 obsecutum.
